,id,price,qty,quoteQty,time,isBuyerMaker,isBestMatch
0,110790281,132.31000000,6.00000000,793.86000000,1577747777924,False,True
1,110790282,132.32000000,6.00000000,793.92000000,1577747778400,False,True
2,110790283,132.33000000,2.10201000,278.15898330,1577747778400,False,True
3,110790284,132.33000000,6.31300000,835.39929000,1577747778400,False,True
4,110790285,132.33000000,6.31300000,835.39929000,1577747778400,False,True
5,110790286,132.33000000,1.92600000,254.86758000,1577747778400,False,True
6,110790287,132.33000000,6.31300000,835.39929000,1577747778400,False,True
7,110790288,132.33000000,4.77249000,631.54360170,1577747778400,False,True
8,110790289,132.33000000,0.58119000,76.90887270,1577747778400,False,True
9,110790290,132.34000000,0.08584000,11.36006560,1577747778402,False,True
10,110790291,132.32000000,0.15140000,20.03324800,1577747778861,True,True
11,110790292,132.32000000,0.37959000,50.22734880,1577747779040,True,True
12,110790293,132.34000000,6.91416000,915.01993440,1577747779426,False,True
13,110790294,132.32000000,0.30000000,39.69600000,1577747779800,True,True
14,110790295,132.33000000,3.20657000,424.32540810,1577747780348,False,True
15,110790296,132.33000000,2.52882000,334.63875060,1577747780472,False,True
16,110790297,132.37000000,0.15076000,19.95610120,1577747780936,False,True
17,110790298,132.32000000,0.30000000,39.69600000,1577747782820,True,True
18,110790299,132.36000000,0.08833000,11.69135880,1577747784623,False,True
19,110790300,132.31000000,0.15098000,19.97616380,1577747785912,False,True
20,110790301,132.28000000,0.14500000,19.18060000,1577747786518,True,True
21,110790302,132.26000000,0.60539000,80.06888140,1577747786518,True,True
22,110790303,132.25000000,4.24961000,562.01092250,1577747786518,True,True
23,110790304,132.29000000,0.20022000,26.48710380,1577747786687,False,True
24,110790305,132.25000000,1.00222000,132.54359500,1577747786689,True,True
25,110790306,132.25000000,1.00015000,132.26983750,1577747786872,True,True
26,110790307,132.26000000,1.00787000,133.30088620,1577747787040,True,True
27,110790308,132.25000000,0.52866000,69.91528500,1577747787216,True,True
28,110790309,132.25000000,0.47203000,62.42596750,1577747787216,True,True
29,110790310,132.25000000,1.00898000,133.43760500,1577747787398,True,True
30,110790311,132.25000000,1.00045000,132.30951250,1577747787578,True,True
31,110790312,132.26000000,0.77416000,102.39040160,1577747787689,False,True
32,110790313,132.25000000,1.00220000,132.54095000,1577747787756,True,True
33,110790314,132.26000000,1.15182000,152.33971320,1577747787803,False,True
34,110790315,132.25000000,0.25634000,33.90096500,1577747787938,True,True
35,110790316,132.24000000,0.10000000,13.22400000,1577747787938,True,True
36,110790317,132.24000000,0.65204000,86.22576960,1577747787938,True,True
37,110790318,132.24000000,1.00548000,132.96467520,1577747788116,True,True
38,110790319,132.24000000,0.01125000,1.48770000,1577747788304,True,True
39,110790320,132.23000000,1.00280000,132.60024400,1577747788304,True,True
40,110790321,132.26000000,0.00002000,0.00264520,1577747789369,False,True
41,110790322,132.28000000,0.08998000,11.90255440,1577747789369,False,True
42,110790323,132.28000000,0.09135000,12.08377800,1577747792837,False,True
43,110790324,132.22000000,1.22000000,161.30840000,1577747794012,True,True
44,110790325,132.24000000,0.11870000,15.69688800,1577747794252,False,True
45,110790326,132.22000000,5.00000000,661.10000000,1577747794303,True,True
46,110790327,132.24000000,0.56320000,74.47756800,1577747794339,False,True
47,110790328,132.22000000,0.78000000,103.13160000,1577747794482,True,True
48,110790329,132.21000000,0.34502000,45.61509420,1577747794482,True,True
49,110790330,132.20000000,0.49157000,64.98555400,1577747794482,True,True
50,110790331,132.20000000,3.38341000,447.28680200,1577747794482,True,True
51,110790332,132.20000000,1.00401000,132.73012200,1577747794686,True,True
52,110790333,132.22000000,0.31509000,41.66119980,1577747794755,False,True
53,110790334,132.22000000,0.31509000,41.66119980,1577747794764,False,True
54,110790335,132.22000000,0.43296000,57.24597120,1577747794862,False,True
55,110790336,132.20000000,1.00510000,132.87422000,1577747794887,True,True
56,110790337,132.20000000,0.88508000,117.00757600,1577747795312,False,True
57,110790338,132.20000000,0.22312000,29.49646400,1577747795383,False,True
58,110790339,132.22000000,0.86286000,114.08734920,1577747795647,False,True
59,110790340,132.22000000,0.12033000,15.91003260,1577747795647,False,True
60,110790341,132.22000000,3.12776000,413.55242720,1577747796317,False,True
61,110790342,132.22000000,1.79407000,237.21193540,1577747796317,False,True
62,110790343,132.23000000,19.00000000,2512.37000000,1577747796317,False,True
63,110790344,132.23000000,5.00000000,661.15000000,1577747796338,True,True
64,110790345,132.23000000,4.16291000,550.46158930,1577747796441,True,True
65,110790346,132.23000000,9.65987000,1277.32461010,1577747796461,True,True
66,110790347,132.23000000,37.33861000,4937.28440030,1577747796498,True,True
67,110790348,132.18000000,2.77951000,367.39563180,1577747799047,False,True
68,110790349,132.18000000,0.09818000,12.97743240,1577747799650,False,True
69,110790350,132.19000000,1.29157000,170.73263830,1577747799650,False,True
70,110790351,132.16000000,2.00000000,264.32000000,1577747800349,True,True
71,110790352,132.16000000,3.00000000,396.48000000,1577747800349,True,True
72,110790353,132.15000000,1.00581000,132.91779150,1577747800565,True,True
73,110790354,132.15000000,0.25101000,33.17097150,1577747800770,True,True
74,110790355,132.15000000,0.36550000,48.30082500,1577747800770,True,True
75,110790356,132.15000000,0.38610000,51.02311500,1577747800770,True,True
76,110790357,132.15000000,1.00643000,132.99972450,1577747800978,True,True
77,110790358,132.16000000,0.08554000,11.30496640,1577747801066,False,True
78,110790359,132.15000000,0.20013000,26.44717950,1577747801530,False,True
79,110790360,132.15000000,0.79987000,105.70282050,1577747801671,False,True
80,110790361,132.16000000,0.03125000,4.13000000,1577747801671,False,True
81,110790362,132.16000000,0.88321000,116.72503360,1577747802297,False,True
82,110790363,132.16000000,0.74778000,98.82660480,1577747802297,False,True
83,110790364,132.16000000,0.16580000,21.91212800,1577747802297,False,True
84,110790365,132.14000000,0.08471000,11.19357940,1577747802601,False,True
85,110790366,132.13000000,0.09188000,12.14010440,1577747802796,False,True
86,110790367,132.13000000,0.88833000,117.37504290,1577747802931,False,True
87,110790368,132.12000000,1.47592000,194.99855040,1577747803470,False,True
88,110790369,132.11000000,0.09333000,12.32982630,1577747803727,False,True
89,110790370,132.11000000,0.17098000,22.58816780,1577747804275,False,True
90,110790371,132.10000000,1.92600000,254.42460000,1577747805692,True,True
91,110790372,132.09000000,2.24458000,296.48657220,1577747805964,True,True
92,110790373,132.09000000,2.24458000,296.48657220,1577747806136,True,True
93,110790374,132.09000000,0.19996000,26.41271640,1577747806729,False,True
94,110790375,132.09000000,0.43488000,57.44329920,1577747806843,False,True
95,110790376,132.09000000,0.12491000,16.49936190,1577747807015,False,True
96,110790377,132.08000000,5.00000000,660.40000000,1577747807058,True,True
97,110790378,132.08000000,0.16001000,21.13412080,1577747807263,False,True
98,110790379,132.08000000,0.08657000,11.43416560,1577747807341,False,True
99,110790380,132.08000000,0.25331000,33.45718480,1577747807440,False,True
100,110790381,132.07000000,1.98100000,261.63067000,1577747807489,True,True
101,110790382,132.08000000,0.09557000,12.62288560,1577747808954,False,True
102,110790383,132.07000000,5.00000000,660.35000000,1577747808995,True,True
103,110790384,132.07000000,1.00718000,133.01826260,1577747809145,True,True
104,110790385,132.07000000,16.88282000,2229.71403740,1577747809158,True,True
105,110790386,132.07000000,2.10006000,277.35492420,1577747809158,True,True
106,110790387,132.05000000,6.00000000,792.30000000,1577747809170,True,True
107,110790388,132.04000000,3.00000000,396.12000000,1577747809197,True,True
108,110790389,132.07000000,0.14886000,19.65994020,1577747809351,False,True
109,110790390,132.04000000,0.08315000,10.97912600,1577747809893,True,True
110,110790391,132.03000000,0.41997000,55.44863910,1577747809893,True,True
111,110790392,132.02000000,1.98100000,261.53162000,1577747810502,True,True
112,110790393,132.02000000,5.00000000,660.10000000,1577747811290,True,True
113,110790394,132.04000000,2.05284000,271.05699360,1577747811330,False,True
114,110790395,132.02000000,1.00502000,132.68274040,1577747811509,True,True
115,110790396,132.02000000,0.14916000,19.69210320,1577747811610,True,True
116,110790397,132.02000000,14.00000000,1848.28000000,1577747813046,False,True
117,110790398,132.02000000,0.47194000,62.30551880,1577747813226,False,True
118,110790399,132.04000000,5.00916000,661.40948640,1577747813343,False,True
119,110790400,132.04000000,7.06200000,932.46648000,1577747813343,False,True
120,110790401,132.04000000,1.92600000,254.30904000,1577747813343,False,True
121,110790402,132.04000000,1.00284000,132.41499360,1577747813343,False,True
122,110790403,132.03000000,6.00000000,792.18000000,1577747813379,False,True
123,110790404,132.03000000,0.95500000,126.08865000,1577747813395,False,True
124,110790405,132.03000000,1.92600000,254.28978000,1577747813420,False,True
125,110790406,132.05000000,5.07400000,670.02170000,1577747813420,False,True
126,110790407,132.05000000,1.00000000,132.05000000,1577747813442,False,True
127,110790408,132.05000000,0.92600000,122.27830000,1577747813445,False,True
128,110790409,132.05000000,9.41600000,1243.38280000,1577747813445,False,True
129,110790410,132.06000000,1.00000000,132.06000000,1577747813445,False,True
130,110790411,132.06000000,2.72000000,359.20320000,1577747813445,False,True
131,110790412,132.06000000,5.87426000,775.75477560,1577747813457,False,True
132,110790413,132.04000000,0.22600000,29.84104000,1577747813621,True,True
133,110790414,132.09000000,4.48917000,592.97446530,1577747813688,False,True
134,110790415,132.09000000,10.51083000,1388.37553470,1577747813688,False,True
135,110790416,132.09000000,0.98303000,129.84843270,1577747813708,False,True
136,110790417,132.10000000,4.00000000,528.40000000,1577747813725,False,True
137,110790418,132.10000000,0.48917000,64.61935700,1577747814011,False,True
138,110790419,132.11000000,3.06387000,404.76786570,1577747814094,False,True
139,110790420,132.11000000,1.00000000,132.11000000,1577747814124,False,True
140,110790421,132.11000000,0.42496000,56.14146560,1577747815052,False,True
141,110790422,132.14000000,2.00000000,264.28000000,1577747815074,False,True
142,110790423,132.15000000,3.00000000,396.45000000,1577747815184,False,True
143,110790424,132.15000000,0.56000000,74.00400000,1577747815855,False,True
144,110790425,132.19000000,6.00000000,793.14000000,1577747816110,False,True
145,110790426,132.19000000,6.00000000,793.14000000,1577747816163,False,True
146,110790427,132.21000000,6.00000000,793.26000000,1577747816511,False,True
147,110790428,132.22000000,1.00000000,132.22000000,1577747816532,False,True
148,110790429,132.21000000,6.00000000,793.26000000,1577747816596,False,True
149,110790430,132.25000000,4.72990000,625.52927500,1577747818902,True,True
150,110790431,132.24000000,0.27010000,35.71802400,1577747818902,True,True
151,110790432,132.25000000,0.99981000,132.22487250,1577747819117,True,True
152,110790433,132.23000000,1.50000000,198.34500000,1577747819178,True,True
153,110790434,132.23000000,4.50000000,595.03500000,1577747819914,True,True
154,110790435,132.23000000,0.50000000,66.11500000,1577747819914,True,True
155,110790436,132.27000000,1.70894000,226.04149380,1577747820681,False,True
156,110790437,132.25000000,0.08855000,11.71073750,1577747821719,False,True
157,110790438,132.22000000,3.85200000,509.31144000,1577747823425,True,True
158,110790439,132.19000000,0.99020000,130.89453800,1577747823425,True,True
159,110790440,132.18000000,0.15780000,20.85800400,1577747823425,True,True
160,110790441,132.23000000,0.35100000,46.41273000,1577747823510,False,True
161,110790442,132.23000000,0.77000000,101.81710000,1577747824907,False,True
162,110790443,132.21000000,0.77000000,101.80170000,1577747827978,False,True
163,110790444,132.22000000,0.16980000,22.45095600,1577747829495,False,True
164,110790445,132.22000000,0.09141000,12.08623020,1577747829923,False,True
165,110790446,132.22000000,0.08398000,11.10383560,1577747836138,False,True
166,110790447,132.22000000,0.32600000,43.10372000,1577747837850,False,True
167,110790448,132.20000000,0.07565000,10.00093000,1577747840300,True,True
168,110790449,132.21000000,0.15115000,19.98354150,1577747841475,False,True
169,110790450,132.20000000,0.92435000,122.19907000,1577747842770,True,True
170,110790451,132.21000000,0.08651000,11.43748710,1577747844355,False,True
171,110790452,132.21000000,0.12817000,16.94535570,1577747850005,False,True
172,110790453,132.21000000,3.37183000,445.78964430,1577747850005,False,True
173,110790454,132.21000000,0.08603000,11.37402630,1577747850570,False,True
174,110790455,132.21000000,0.08786000,11.61597060,1577747856961,False,True
175,110790456,132.21000000,0.16140000,21.33869400,1577747862212,False,True
176,110790457,132.21000000,0.00260000,0.34374600,1577747862212,False,True
177,110790458,132.18000000,0.10500000,13.87890000,1577747864209,False,True
178,110790459,132.18000000,0.00061000,0.08062980,1577747865003,False,True
179,110790460,132.19000000,0.08788000,11.61685720,1577747865003,False,True
180,110790461,132.19000000,0.26150000,34.56768500,1577747865594,False,True
181,110790462,132.17000000,0.66500000,87.89305000,1577747866946,False,True
182,110790463,132.16000000,0.08808000,11.64065280,1577747871443,False,True
183,110790464,132.12000000,0.09100000,12.02292000,1577747877519,False,True
184,110790465,132.12000000,0.08658000,11.43894960,1577747885655,False,True
185,110790466,132.12000000,7.57146000,1000.34129520,1577747886084,False,True
186,110790467,132.12000000,11.00000000,1453.32000000,1577747886138,False,True
187,110790468,132.12000000,0.43212000,57.09169440,1577747887025,False,True
188,110790469,132.14000000,6.00000000,792.84000000,1577747887214,False,True
189,110790470,132.15000000,6.00000000,792.90000000,1577747888741,False,True
190,110790471,132.17000000,0.12863000,17.00102710,1577747888768,False,True
191,110790472,132.17000000,6.00000000,793.02000000,1577747889460,False,True
192,110790473,132.17000000,0.41000000,54.18970000,1577747889722,True,True
193,110790474,132.19000000,0.08474000,11.20178060,1577747893878,False,True
194,110790475,132.18000000,0.24900000,32.91282000,1577747901912,False,True
195,110790476,132.18000000,0.08361000,11.05156980,1577747902312,False,True
196,110790477,132.18000000,0.03321000,4.38969780,1577747906347,False,True
197,110790478,132.18000000,0.23479000,31.03454220,1577747906347,False,True
198,110790479,132.18000000,0.23800000,31.45884000,1577747907397,False,True
199,110790480,132.18000000,2.67683000,353.82338940,1577747908212,False,True
200,110790481,132.18000000,0.89227000,117.94024860,1577747908219,False,True
201,110790482,132.19000000,0.08538000,11.28638220,1577747908516,False,True
202,110790483,132.19000000,0.08887000,11.74772530,1577747914701,False,True
203,110790484,132.19000000,0.08485000,11.21632150,1577747920897,False,True
204,110790485,132.19000000,0.08353000,11.04183070,1577747929181,False,True
205,110790486,132.19000000,0.56349000,74.48774310,1577747931345,False,True
206,110790487,132.19000000,0.32131000,42.47396890,1577747931456,True,True
207,110790488,132.20000000,0.75100000,99.28220000,1577747934608,True,True
208,110790489,132.22000000,0.08911000,11.78212420,1577747937323,False,True
209,110790490,132.20000000,0.27731000,36.66038200,1577747939543,True,True
210,110790491,132.22000000,0.08963000,11.85087860,1577747943534,False,True
211,110790492,132.22000000,5.00000000,661.10000000,1577747944780,False,True
212,110790493,132.25000000,11.23530000,1485.86842500,1577747945071,False,True
213,110790494,132.25000000,1.76470000,233.38157500,1577747945071,False,True
214,110790495,132.24000000,5.00000000,661.20000000,1577747945103,False,True
215,110790496,132.24000000,1.00000000,132.24000000,1577747945105,False,True
216,110790497,132.24000000,6.00000000,793.44000000,1577747945183,False,True
217,110790498,132.25000000,6.00000000,793.50000000,1577747945264,False,True
218,110790499,132.26000000,7.00000000,925.82000000,1577747945287,False,True
219,110790500,132.26000000,2.01254000,266.17854040,1577747945406,True,True
220,110790501,132.28000000,0.11258000,14.89208240,1577747946463,True,True
221,110790502,132.30000000,2.00000000,264.60000000,1577747948060,False,True
222,110790503,132.29000000,7.47367000,988.69180430,1577747948299,True,True
223,110790504,132.33000000,0.08551000,11.31553830,1577747949888,False,True
224,110790505,132.34000000,6.00000000,794.04000000,1577747950767,False,True
225,110790506,132.34000000,1.00000000,132.34000000,1577747950767,False,True
226,110790507,132.34000000,0.02226000,2.94588840,1577747950855,False,True
227,110790508,132.34000000,5.97774000,791.09411160,1577747950855,False,True
228,110790509,132.34000000,0.02226000,2.94588840,1577747951057,False,True
229,110790510,132.35000000,4.97774000,658.80388900,1577747951057,False,True
230,110790511,132.36000000,10.00000000,1323.60000000,1577747951169,False,True
231,110790512,132.37000000,6.00000000,794.22000000,1577747951242,False,True
232,110790513,132.37000000,1.00000000,132.37000000,1577747951461,True,True
233,110790514,132.37000000,0.59918000,79.31345660,1577747951461,True,True
234,110790515,132.38000000,0.31283000,41.41243540,1577747951624,False,True
235,110790516,132.42000000,0.68947000,91.29961740,1577747951624,False,True
236,110790517,132.39000000,0.18697000,24.75295830,1577747951794,True,True
237,110790518,132.38000000,5.31156000,703.14431280,1577747951947,True,True
238,110790519,132.40000000,1.00000000,132.40000000,1577747955030,True,True
239,110790520,132.39000000,1.70099000,225.19406610,1577747957894,True,True
240,110790521,132.41000000,0.08750000,11.58587500,1577747957964,False,True
241,110790522,132.38000000,0.07555000,10.00130900,1577747961055,True,True
242,110790523,132.39000000,0.73900000,97.83621000,1577747963417,False,True
243,110790524,132.38000000,0.09075000,12.01348500,1577747966244,False,True
244,110790525,132.38000000,0.08854000,11.72092520,1577747972402,False,True
245,110790526,132.38000000,0.08517000,11.27480460,1577747980629,False,True
246,110790527,132.38000000,3.07728000,407.37032640,1577747987838,False,True
247,110790528,132.38000000,0.08427000,11.15566260,1577747988838,False,True
248,110790529,132.37000000,2.61227000,345.78617990,1577747989904,True,True
249,110790530,132.36000000,6.00000000,794.16000000,1577747989904,True,True
250,110790531,132.35000000,1.51464000,200.46260400,1577747989904,True,True
251,110790532,132.34000000,3.60049000,476.48884660,1577747989904,True,True
252,110790533,132.35000000,18.88860000,2499.90621000,1577747994192,True,True
253,110790534,132.35000000,4.11140000,544.14379000,1577747994192,True,True
254,110790535,132.36000000,18.00000000,2382.48000000,1577747994219,True,True
255,110790536,132.30000000,3.59000000,474.95700000,1577747994948,True,True
256,110790537,132.30000000,2.41000000,318.84300000,1577747994948,True,True
257,110790538,132.27000000,0.19895000,26.31511650,1577747997176,False,True
258,110790539,132.26000000,0.08414000,11.12835640,1577747997280,False,True
259,110790540,132.25000000,7.00000000,925.75000000,1577747997538,True,True
260,110790541,132.25000000,2.00000000,264.50000000,1577747997538,True,True
261,110790542,132.23000000,2.00000000,264.46000000,1577748001631,True,True
262,110790543,132.22000000,17.00000000,2247.74000000,1577748001965,True,True
263,110790544,132.19000000,0.60730000,80.27898700,1577748005056,True,True
264,110790545,132.19000000,0.19270000,25.47301300,1577748005265,True,True
265,110790546,132.18000000,1.97753000,261.38991540,1577748005265,True,True
266,110790547,132.18000000,2.77618000,366.95547240,1577748005265,True,True
267,110790548,132.13000000,0.05359000,7.08084670,1577748005265,True,True
268,110790549,132.17000000,0.08330000,11.00976100,1577748005510,False,True
269,110790550,132.15000000,0.77680000,102.65412000,1577748005992,False,True
270,110790551,132.15000000,0.55000000,72.68250000,1577748006080,False,True
271,110790552,132.15000000,0.55000000,72.68250000,1577748006180,False,True
272,110790553,132.15000000,0.16098000,21.27350700,1577748006317,False,True
273,110790554,132.14000000,1.31688000,174.01252320,1577748007489,True,True
274,110790555,132.14000000,1.00000000,132.14000000,1577748007776,True,True
275,110790556,132.13000000,0.43565000,57.56243450,1577748008407,True,True
276,110790557,132.12000000,0.82941000,109.58164920,1577748008407,True,True
277,110790558,132.10000000,0.05192000,6.85863200,1577748008407,True,True
278,110790559,132.12000000,0.30800000,40.69296000,1577748008540,False,True
279,110790560,132.12000000,0.20025000,26.45703000,1577748008660,False,True
280,110790561,132.11000000,0.08931000,11.79874410,1577748011731,False,True
281,110790562,132.11000000,0.91069000,120.31125590,1577748012051,False,True
282,110790563,132.12000000,18.41466000,2432.94487920,1577748012213,False,True
283,110790564,132.12000000,4.58534000,605.81512080,1577748012213,False,True
284,110790565,132.13000000,1.00000000,132.13000000,1577748012457,False,True
285,110790566,132.16000000,7.00000000,925.12000000,1577748013146,False,True
286,110790567,132.16000000,1.00000000,132.16000000,1577748015643,True,True
287,110790568,132.15000000,13.69396000,1809.65681400,1577748016009,False,True
288,110790569,132.17000000,0.47500000,62.78075000,1577748017816,True,True
289,110790570,132.17000000,0.52500000,69.38925000,1577748017874,True,True
290,110790571,132.16000000,0.08395000,11.09483200,1577748017919,False,True
291,110790572,132.16000000,0.03520000,4.65203200,1577748018564,False,True
292,110790573,132.18000000,0.09143000,12.08521740,1577748024137,False,True
293,110790574,132.18000000,0.08752000,11.56839360,1577748030512,False,True
294,110790575,132.17000000,0.09014000,11.91380380,1577748036564,False,True
295,110790576,132.18000000,0.08485000,11.21547300,1577748042775,False,True
296,110790577,132.16000000,0.08650000,11.43184000,1577748048997,False,True
297,110790578,132.16000000,0.38190000,50.47190400,1577748053017,False,True
298,110790579,132.15000000,0.08835000,11.67545250,1577748055235,False,True
299,110790580,132.15000000,2.91448000,385.14853200,1577748061919,False,True
300,110790581,132.15000000,0.08909000,11.77324350,1577748063532,False,True
301,110790582,132.12000000,0.10077000,13.31373240,1577748064155,True,True
302,110790583,132.13000000,14.96771000,1977.68352230,1577748066228,True,True
303,110790584,132.13000000,18.92004000,2499.90488520,1577748066376,True,True
304,110790585,132.12000000,4.07996000,539.04431520,1577748066376,True,True
305,110790586,132.12000000,0.50902000,67.25172240,1577748066421,True,True
306,110790587,132.12000000,18.49098000,2443.02827760,1577748066421,True,True
307,110790588,132.12000000,3.00000000,396.36000000,1577748066465,True,True
308,110790589,132.14000000,0.22000000,29.07080000,1577748066535,False,True
309,110790590,132.11000000,11.00000000,1453.21000000,1577748066614,True,True
310,110790591,132.12000000,0.22000000,29.06640000,1577748066646,False,True
311,110790592,132.11000000,0.39982000,52.82022020,1577748066771,False,True
312,110790593,132.10000000,0.17574000,23.21525400,1577748066797,True,True
313,110790594,132.10000000,7.00000000,924.70000000,1577748066797,True,True
314,110790595,132.10000000,2.82426000,373.08474600,1577748066797,True,True
315,110790596,132.11000000,1.00410000,132.65165100,1577748066889,False,True
316,110790597,132.11000000,0.28993000,38.30265230,1577748067029,False,True
317,110790598,132.10000000,0.46500000,61.42650000,1577748067764,True,True
318,110790599,132.11000000,2.48984000,328.93276240,1577748068874,False,True
319,110790600,132.11000000,0.62351000,82.37190610,1577748068969,False,True
320,110790601,132.11000000,1.10861000,146.45846710,1577748069283,False,True
321,110790602,132.10000000,0.00074000,0.09775400,1577748069643,True,True
322,110790603,132.06000000,4.99926000,660.20227560,1577748069643,True,True
323,110790604,132.11000000,0.08374000,11.06289140,1577748069645,False,True
324,110790605,132.08000000,0.59450000,78.52156000,1577748070437,False,True
325,110790606,132.08000000,0.66886000,88.34302880,1577748070532,False,True
326,110790607,132.08000000,0.31979000,42.23786320,1577748071084,False,True
327,110790608,132.08000000,2.16819000,286.37453520,1577748071290,False,True
328,110790609,132.08000000,15.17730000,2004.61778400,1577748071311,False,True
329,110790610,132.11000000,2.59154000,342.36834940,1577748071386,False,True
330,110790611,132.10000000,0.22000000,29.06200000,1577748073370,False,True
331,110790612,132.12000000,0.33285000,43.97614200,1577748073490,False,True
332,110790613,132.12000000,0.41473000,54.79412760,1577748073490,False,True
333,110790614,132.13000000,0.08687000,11.47813310,1577748075866,False,True
334,110790615,132.10000000,0.07572000,10.00261200,1577748082111,False,True
335,110790616,132.11000000,0.01548000,2.04506280,1577748082111,False,True
336,110790617,132.11000000,1.91037000,252.37898070,1577748082195,False,True
337,110790618,132.12000000,0.36558000,48.30042960,1577748082423,False,True
338,110790619,132.12000000,0.00025000,0.03303000,1577748082624,False,True
339,110790620,132.12000000,2.24878000,297.10881360,1577748082624,False,True
340,110790621,132.11000000,0.22000000,29.06420000,1577748085433,False,True
341,110790622,132.11000000,0.22000000,29.06420000,1577748085551,False,True
342,110790623,132.11000000,0.09045000,11.94934950,1577748088300,False,True
343,110790624,132.11000000,3.95000000,521.83450000,1577748091290,False,True
344,110790625,132.08000000,1.51234000,199.74986720,1577748092635,True,True
345,110790626,132.11000000,0.00005000,0.00660550,1577748094511,False,True
346,110790627,132.13000000,0.08424000,11.13063120,1577748094511,False,True
347,110790628,132.08000000,0.37400000,49.39792000,1577748097068,True,True
348,110790629,132.11000000,0.08682000,11.46979020,1577748100794,False,True
349,110790630,132.11000000,1.00000000,132.11000000,1577748101472,False,True
350,110790631,132.12000000,1.00000000,132.12000000,1577748101721,False,True
351,110790632,132.12000000,0.92600000,122.34312000,1577748101757,False,True
352,110790633,132.12000000,1.07400000,141.89688000,1577748101757,False,True
353,110790634,132.12000000,0.85200000,112.56624000,1577748101774,False,True
354,110790635,132.14000000,6.00000000,792.84000000,1577748102100,False,True
355,110790636,132.14000000,0.13200000,17.44248000,1577748102302,True,True
356,110790637,132.16000000,6.00000000,792.96000000,1577748103032,False,True
357,110790638,132.18000000,0.31413000,41.52170340,1577748103379,False,True
358,110790639,132.18000000,6.00000000,793.08000000,1577748103379,False,True
359,110790640,132.19000000,10.00000000,1321.90000000,1577748103526,False,True
360,110790641,132.20000000,6.00000000,793.20000000,1577748104020,False,True
361,110790642,132.18000000,5.00000000,660.90000000,1577748104346,True,True
362,110790643,132.22000000,1.05632000,139.66663040,1577748106223,False,True
363,110790644,132.27000000,0.08331000,11.01941370,1577748108946,False,True
364,110790645,132.26000000,0.30941000,40.92256660,1577748109135,True,True
365,110790646,132.27000000,0.20500000,27.11535000,1577748110284,True,True
366,110790647,132.27000000,0.69600000,92.05992000,1577748110394,True,True
367,110790648,132.27000000,0.08200000,10.84614000,1577748110711,True,True
368,110790649,132.28000000,1.66300000,219.98164000,1577748111341,True,True
369,110790650,132.31000000,2.55271000,337.74906010,1577748111562,False,True
370,110790651,132.31000000,4.25549000,563.04388190,1577748111562,False,True
371,110790652,132.29000000,0.08339000,11.03166310,1577748115164,False,True
372,110790653,132.27000000,0.61900000,81.87513000,1577748115868,False,True
373,110790654,132.23000000,0.08500000,11.23955000,1577748121071,False,True
374,110790655,132.23000000,0.00053000,0.07008190,1577748121379,False,True
375,110790656,132.27000000,0.09080000,12.01011600,1577748121379,False,True
376,110790657,132.21000000,0.09090000,12.01788900,1577748129592,False,True
377,110790658,132.22000000,0.08399000,11.10515780,1577748137817,False,True
378,110790659,132.21000000,0.08442000,11.16116820,1577748144035,False,True
379,110790660,132.18000000,0.12327000,16.29382860,1577748149297,False,True
380,110790661,132.18000000,0.08881000,11.73890580,1577748152247,False,True
381,110790662,132.18000000,0.08648000,11.43092640,1577748158459,False,True
382,110790663,132.20000000,2.00000000,264.40000000,1577748162813,False,True
383,110790664,132.20000000,0.08802000,11.63624400,1577748164683,False,True
384,110790665,132.20000000,0.08644000,11.42736800,1577748170891,False,True
385,110790666,132.20000000,0.56732000,74.99970400,1577748173700,False,True
386,110790667,132.16000000,0.16800000,22.20288000,1577748174174,True,True
387,110790668,132.16000000,0.73200000,96.74112000,1577748174375,True,True
388,110790669,132.19000000,0.08786000,11.61421340,1577748177119,False,True
389,110790670,132.16000000,0.28000000,37.00480000,1577748178295,True,True
390,110790671,132.20000000,0.08920000,11.79224000,1577748185331,False,True
391,110790672,132.17000000,10.00000000,1321.70000000,1577748187190,True,True
392,110790673,132.16000000,0.43900000,58.01824000,1577748188113,True,True
393,110790674,132.16000000,0.24700000,32.64352000,1577748189503,True,True
394,110790675,132.17000000,0.08799000,11.62963830,1577748191549,False,True
395,110790676,132.16000000,0.08370000,11.06179200,1577748199772,False,True
396,110790677,132.15000000,0.07569000,10.00243350,1577748202644,True,True
397,110790678,132.16000000,0.20600000,27.22496000,1577748205539,True,True
398,110790679,132.17000000,0.08390000,11.08906300,1577748205985,False,True
399,110790680,132.17000000,0.64775000,85.61311750,1577748211086,False,True
400,110790681,132.17000000,0.19370000,25.60132900,1577748214021,True,True
401,110790682,132.19000000,0.08618000,11.39213420,1577748214194,False,True
402,110790683,132.17000000,0.14000000,18.50380000,1577748214898,True,True
403,110790684,132.18000000,5.42300000,716.81214000,1577748217789,True,True
404,110790685,132.19000000,0.08518000,11.25994420,1577748222414,False,True
405,110790686,132.19000000,0.08515000,11.25597850,1577748230692,False,True
406,110790687,132.19000000,0.08351000,11.03918690,1577748238847,False,True
407,110790688,132.19000000,1.30951000,173.10412690,1577748240346,False,True
408,110790689,132.22000000,7.82889000,1035.13583580,1577748240346,False,True
409,110790690,132.22000000,7.64053000,1010.23087660,1577748240346,False,True
410,110790691,132.22000000,6.00000000,793.32000000,1577748240346,False,True
411,110790692,132.22000000,1.97140000,260.65850800,1577748240421,True,True
412,110790693,132.22000000,5.00000000,661.10000000,1577748240434,True,True
413,110790694,132.22000000,21.38631000,2827.69790820,1577748240451,True,True
414,110790695,132.22000000,2.04296000,270.12017120,1577748240456,True,True
415,110790696,132.22000000,1.14172000,150.95821840,1577748240470,True,True
416,110790697,132.20000000,0.08340000,11.02548000,1577748245057,False,True
417,110790698,132.18000000,0.45200000,59.74536000,1577748245487,True,True
418,110790699,132.19000000,0.22000000,29.08180000,1577748245592,True,True
419,110790700,132.20000000,1.66212000,219.73226400,1577748246441,False,True
420,110790701,132.18000000,0.08950000,11.83011000,1577748251282,False,True
421,110790702,132.17000000,0.18697000,24.71182490,1577748252562,True,True
422,110790703,132.21000000,0.08566000,11.32510860,1577748257500,False,True
423,110790704,132.18000000,0.22000000,29.07960000,1577748258149,False,True
424,110790705,132.20000000,0.06667000,8.81377400,1577748260337,False,True
425,110790706,132.20000000,0.08628000,11.40621600,1577748263736,False,True
426,110790707,132.17000000,0.10133000,13.39278610,1577748270074,True,True
427,110790708,132.15000000,9.92431000,1311.49756650,1577748270074,True,True
428,110790709,132.15000000,4.93893000,652.67959950,1577748270074,True,True
429,110790710,132.16000000,18.00000000,2378.88000000,1577748270107,True,True
430,110790711,132.16000000,0.91432000,120.83653120,1577748270121,True,True
431,110790712,132.16000000,1.08568000,143.48346880,1577748270121,True,True
432,110790713,132.19000000,0.08758000,11.57720020,1577748270136,False,True
433,110790714,132.15000000,3.06106000,404.51907900,1577748270147,True,True
434,110790715,132.15000000,1.93894000,256.23092100,1577748270147,True,True
435,110790716,132.15000000,0.22000000,29.07300000,1577748270542,False,True
436,110790717,132.14000000,0.22000000,29.07080000,1577748270651,False,True
437,110790718,132.14000000,0.28900000,38.18846000,1577748270759,False,True
438,110790719,132.14000000,0.76900000,101.61566000,1577748270861,False,True
439,110790720,132.13000000,0.22000000,29.06860000,1577748272911,True,True
440,110790721,132.14000000,0.08376000,11.06804640,1577748276145,False,True
441,110790722,132.13000000,0.28002000,36.99904260,1577748276619,True,True
442,110790723,132.13000000,0.15298000,20.21324740,1577748276619,True,True
443,110790724,132.13000000,0.22700000,29.99351000,1577748276748,True,True
444,110790725,132.13000000,0.08950000,11.82563500,1577748282366,True,True
445,110790726,132.13000000,0.08344000,11.02492720,1577748290581,True,True
446,110790727,132.14000000,1.00000000,132.14000000,1577748291822,False,True
447,110790728,132.13000000,0.20700000,27.35091000,1577748292626,True,True
448,110790729,132.13000000,0.00020000,0.02642600,1577748293681,True,True
449,110790730,132.09000000,0.07559000,9.98468310,1577748293681,True,True
450,110790731,132.10000000,0.09071000,11.98279100,1577748296796,True,True
451,110790732,132.14000000,0.20060000,26.50728400,1577748298791,False,True
452,110790733,132.12000000,0.09065000,11.97667800,1577748303018,True,True
453,110790734,132.14000000,0.08411000,11.11429540,1577748309225,True,True
454,110790735,132.15000000,0.08878000,11.73227700,1577748317542,True,True
455,110790736,132.15000000,0.57870000,76.47520500,1577748317880,True,True
456,110790737,132.16000000,0.21300000,28.15008000,1577748323197,False,True
457,110790738,132.15000000,0.07569000,10.00243350,1577748323807,True,True
458,110790739,132.15000000,0.08755000,11.56973250,1577748325661,True,True
459,110790740,132.15000000,0.09015000,11.91332250,1577748331871,True,True
460,110790741,132.15000000,17.99703000,2378.30751450,1577748332815,True,True
461,110790742,132.15000000,0.77205000,102.02640750,1577748332815,True,True
462,110790743,132.15000000,2.23092000,294.81607800,1577748332815,True,True
463,110790744,132.13000000,5.14662000,680.02290060,1577748333927,True,True
464,110790745,132.15000000,0.09013000,11.91067950,1577748340111,True,True
465,110790746,132.15000000,0.08366000,11.05566900,1577748346309,True,True
466,110790747,132.15000000,0.08375000,11.06756250,1577748354524,True,True
467,110790748,132.15000000,0.08697000,11.49308550,1577748360739,True,True
468,110790749,132.15000000,0.08556000,11.30675400,1577748367033,True,True
469,110790750,132.14000000,0.27100000,35.80994000,1577748373902,False,True
470,110790751,132.14000000,0.24900000,32.90286000,1577748374013,False,True
471,110790752,132.14000000,0.33000000,43.60620000,1577748374836,False,True
472,110790753,132.11000000,0.08549000,11.29408390,1577748375176,True,True
473,110790754,132.14000000,0.23439000,30.97229460,1577748377997,False,True
474,110790755,132.11000000,0.08380000,11.07081800,1577748378076,False,True
475,110790756,132.13000000,0.68900000,91.03757000,1577748378184,False,True
476,110790757,132.11000000,0.08857000,11.70098270,1577748381413,True,True
477,110790758,132.11000000,0.30000000,39.63300000,1577748383336,True,True
478,110790759,132.14000000,0.13145000,17.36980300,1577748383436,False,True
479,110790760,132.13000000,8.78500000,1160.76205000,1577748383517,False,True
480,110790761,132.13000000,0.30900000,40.82817000,1577748384276,False,True
481,110790762,132.09000000,0.30000000,39.62700000,1577748386343,True,True
482,110790763,132.09000000,0.30000000,39.62700000,1577748389359,True,True
483,110790764,132.09000000,0.08988000,11.87224920,1577748389677,True,True
484,110790765,132.09000000,0.30000000,39.62700000,1577748392355,True,True
485,110790766,132.09000000,0.08795000,11.61731550,1577748395830,True,True
486,110790767,132.10000000,1.00000000,132.10000000,1577748400067,False,True
487,110790768,132.06000000,0.09153000,12.08745180,1577748402052,True,True
488,110790769,132.06000000,0.09166000,12.10461960,1577748408260,True,True
489,110790770,132.06000000,0.08667000,11.44564020,1577748416482,True,True
490,110790771,132.07000000,0.08367000,11.05029690,1577748424781,True,True
491,110790772,132.08000000,18.00000000,2377.44000000,1577748426074,True,True
492,110790773,132.07000000,0.08653000,11.42801710,1577748432940,True,True
493,110790774,132.07000000,1.70947000,225.76970290,1577748436157,True,True
494,110790775,132.06000000,2.96828000,391.99105680,1577748436157,True,True
495,110790776,132.04000000,0.45931000,60.64729240,1577748436157,True,True
496,110790777,132.04000000,3.40452000,449.53282080,1577748436157,True,True
497,110790778,132.04000000,6.00000000,792.24000000,1577748436157,True,True
498,110790779,132.03000000,0.81819000,108.02562570,1577748436157,True,True
499,110790780,132.05000000,0.36586000,48.31181300,1577748437904,False,True
