,id,price,qty,quoteQty,time,isBuyerMaker,isBestMatch
0,110534531,127.13000000,0.56975000,72.43231750,1577531669179,False,True
1,110534532,127.13000000,0.27425000,34.86540250,1577531669179,False,True
2,110534533,127.13000000,0.01628000,2.06967640,1577531670266,False,True
3,110534534,127.13000000,0.07331000,9.31990030,1577531670266,False,True
4,110534535,127.14000000,0.09244000,11.75282160,1577531676545,False,True
5,110534536,127.11000000,0.39976000,50.81349360,1577531679377,True,True
6,110534537,127.11000000,0.36342000,46.19431620,1577531679526,True,True
7,110534538,127.11000000,0.76255000,96.92773050,1577531679526,True,True
8,110534539,127.11000000,1.02610000,130.42757100,1577531679526,True,True
9,110534540,127.11000000,0.33662000,42.78776820,1577531679526,True,True
10,110534541,127.14000000,0.08864000,11.26968960,1577531684708,False,True
11,110534542,127.13000000,2.90925000,369.85295250,1577531689700,False,True
12,110534543,127.14000000,2.40000000,305.13600000,1577531689886,False,True
13,110534544,127.14000000,0.13848000,17.60634720,1577531689984,False,True
14,110534545,127.14000000,0.13752000,17.48429280,1577531689984,False,True
15,110534546,127.14000000,0.00093000,0.11824020,1577531691011,False,True
16,110534547,127.18000000,0.09020000,11.47163600,1577531691011,False,True
17,110534548,127.15000000,0.07995000,10.16564250,1577531693927,True,True
18,110534549,127.18000000,0.08774000,11.15877320,1577531697143,False,True
19,110534550,127.18000000,18.55400000,2359.69772000,1577531698889,False,True
20,110534551,127.17000000,2.90925000,369.96932250,1577531699269,True,True
21,110534552,127.17000000,1.21166000,154.08680220,1577531701212,True,True
22,110534553,127.16000000,1.99290000,253.41716400,1577531701212,True,True
23,110534554,127.14000000,1.82035000,231.43929900,1577531701212,True,True
24,110534555,127.18000000,0.09463000,12.03504340,1577531705369,False,True
25,110534556,127.16000000,1.13704000,144.58600640,1577531706466,True,True
26,110534557,127.18000000,1.79943000,228.85150740,1577531708045,False,True
27,110534558,127.18000000,0.09228000,11.73617040,1577531711584,False,True
28,110534559,127.18000000,0.59981000,76.28383580,1577531713178,False,True
29,110534560,127.18000000,3.84400000,488.87992000,1577531714444,False,True
30,110534561,127.18000000,4.47113000,568.63831340,1577531714603,False,True
31,110534562,127.19000000,3.50000000,445.16500000,1577531714841,True,True
32,110534563,127.19000000,5.27400000,670.80006000,1577531716148,True,True
33,110534564,127.19000000,9.63000000,1224.83970000,1577531716148,True,True
34,110534565,127.19000000,9.63000000,1224.83970000,1577531716148,True,True
35,110534566,127.19000000,9.46600000,1203.98054000,1577531716148,True,True
36,110534567,127.19000000,0.93659000,119.12488210,1577531716398,True,True
37,110534568,127.19000000,0.08913000,11.33644470,1577531717803,False,True
38,110534569,127.18000000,2.77969000,353.52097420,1577531721413,False,True
39,110534570,127.19000000,0.09363000,11.90879970,1577531726023,False,True
40,110534571,127.19000000,0.09384000,11.93550960,1577531726403,False,True
41,110534572,127.19000000,0.00577000,0.73388630,1577531726403,False,True
42,110534573,127.16000000,0.39975000,50.83221000,1577531726978,True,True
43,110534574,127.16000000,0.19987000,25.41546920,1577531727081,True,True
44,110534575,127.17000000,1.11803000,142.17987510,1577531732073,True,True
45,110534576,127.18000000,2.90934000,370.00986120,1577531732076,False,True
46,110534577,127.18000000,0.09354000,11.89641720,1577531732141,False,True
47,110534578,127.19000000,0.32283000,41.06074770,1577531732141,False,True
48,110534579,127.19000000,0.27060000,34.41761400,1577531732141,False,True
49,110534580,127.19000000,0.05797000,7.37320430,1577531732231,False,True
50,110534581,127.19000000,0.03586000,4.56103340,1577531732231,False,True
51,110534582,127.19000000,0.23700000,30.14403000,1577531734647,True,True
52,110534583,127.20000000,0.09284000,11.80924800,1577531738461,False,True
53,110534584,127.18000000,3.72520000,473.77093600,1577531742758,False,True
54,110534585,127.19000000,4.02737000,512.24119030,1577531742758,False,True
55,110534586,127.19000000,1.89543000,241.07974170,1577531742758,False,True
56,110534587,127.20000000,1.36803000,174.01341600,1577531743064,False,True
57,110534588,127.19000000,0.31462000,40.01651780,1577531743682,False,True
58,110534589,127.20000000,0.71266000,90.65035200,1577531743682,False,True
59,110534590,127.19000000,0.09425000,11.98765750,1577531744685,False,True
60,110534591,127.16000000,0.07866000,10.00240560,1577531750807,False,True
61,110534592,127.17000000,7.07037000,899.13895290,1577531750807,False,True
62,110534593,127.15000000,3.14855000,400.33813250,1577531750831,True,True
63,110534594,127.17000000,2.92963000,372.56104710,1577531750831,False,True
64,110534595,127.18000000,2.67742000,340.51427560,1577531750831,False,True
65,110534596,127.18000000,0.09458000,12.02868440,1577531750893,False,True
66,110534597,127.19000000,0.09107000,11.58319330,1577531757106,False,True
67,110534598,127.19000000,4.00000000,508.76000000,1577531762025,False,True
68,110534599,127.19000000,0.17753000,22.58004070,1577531762082,False,True
69,110534600,127.19000000,1.35007000,171.71540330,1577531762082,False,True
70,110534601,127.19000000,2.47240000,314.46455600,1577531762082,False,True
71,110534602,127.15000000,4.62200000,587.68730000,1577531762932,True,True
72,110534603,127.19000000,0.08905000,11.32626950,1577531763328,False,True
73,110534604,127.15000000,0.33700000,42.84955000,1577531763456,True,True
74,110534605,127.19000000,0.09061000,11.52468590,1577531769547,False,True
75,110534606,127.17000000,0.08913000,11.33466210,1577531777768,False,True
76,110534607,127.17000000,0.08663000,11.01673710,1577531783986,False,True
77,110534608,127.17000000,0.08648000,10.99766160,1577531784539,False,True
78,110534609,127.17000000,0.08663000,11.01673710,1577531790204,False,True
79,110534610,127.14000000,1.75025000,222.52678500,1577531792511,True,True
80,110534611,127.14000000,0.19952000,25.36697280,1577531792702,True,True
81,110534612,127.13000000,0.63072000,80.18343360,1577531794240,True,True
82,110534613,127.13000000,1.90680000,242.41148400,1577531794403,True,True
83,110534614,127.15000000,0.09193000,11.68889950,1577531796424,False,True
84,110534615,127.13000000,0.31538000,40.09425940,1577531796448,True,True
85,110534616,127.14000000,0.54600000,69.41844000,1577531796563,False,True
86,110534617,127.13000000,0.29348000,37.31011240,1577531797625,True,True
87,110534618,127.11000000,0.31538000,40.08795180,1577531797648,True,True
88,110534619,127.13000000,2.76600000,351.64158000,1577531797717,False,True
89,110534620,127.13000000,0.09304000,11.82817520,1577531804857,False,True
90,110534621,127.09000000,1.57191000,199.77404190,1577531806068,True,True
91,110534622,127.09000000,0.31546000,40.09181140,1577531807032,True,True
92,110534623,127.11000000,0.99850000,126.91933500,1577531808237,False,True
93,110534624,127.11000000,0.00150000,0.19066500,1577531808341,False,True
94,110534625,127.11000000,0.23559000,29.94584490,1577531808341,False,True
95,110534626,127.11000000,0.08831000,11.22508410,1577531813314,False,True
96,110534627,127.08000000,1.97820000,251.38965600,1577531814825,True,True
97,110534628,127.08000000,3.71541000,472.15430280,1577531814825,True,True
98,110534629,127.08000000,0.12126000,15.40972080,1577531814825,True,True
99,110534630,127.08000000,0.12085000,15.35761800,1577531814825,True,True
100,110534631,127.05000000,4.06428000,516.36677400,1577531814825,True,True
101,110534632,127.06000000,0.63096000,80.16977760,1577531814991,True,True
102,110534633,127.06000000,0.08775000,11.14951500,1577531819523,False,True
103,110534634,127.04000000,0.08687000,11.03596480,1577531825740,False,True
104,110534635,127.01000000,0.77091000,97.91327910,1577531828531,True,True
105,110534636,127.01000000,5.71700000,726.11617000,1577531828615,False,True
106,110534637,127.00000000,0.19650000,24.95550000,1577531830484,True,True
107,110534638,127.01000000,0.00050000,0.06350500,1577531831816,False,True
108,110534639,127.04000000,0.09384000,11.92143360,1577531831953,False,True
109,110534640,127.04000000,0.08916000,11.32688640,1577531838180,False,True
110,110534641,127.04000000,0.09244000,11.74357760,1577531846654,False,True
111,110534642,127.04000000,0.22294000,28.32229760,1577531852466,False,True
112,110534643,127.04000000,0.64536000,81.98653440,1577531852466,False,True
113,110534644,127.04000000,0.13170000,16.73116800,1577531852466,False,True
114,110534645,127.04000000,0.21701000,27.56895040,1577531852534,False,True
115,110534646,127.04000000,0.34853000,44.27725120,1577531852534,False,True
116,110534647,127.08000000,0.08805000,11.18939400,1577531852980,False,True
117,110534648,127.08000000,1.00000000,127.08000000,1577531853589,True,True
118,110534649,127.05000000,1.00000000,127.05000000,1577531853589,True,True
119,110534650,127.05000000,1.00000000,127.05000000,1577531853589,True,True
120,110534651,127.05000000,1.00000000,127.05000000,1577531853589,True,True
121,110534652,127.04000000,1.00000000,127.04000000,1577531853589,True,True
122,110534653,127.09000000,0.09331000,11.85876790,1577531859050,False,True
123,110534654,127.09000000,1.22000000,155.04980000,1577531861487,False,True
124,110534655,127.09000000,0.08836000,11.22967240,1577531865269,False,True
125,110534656,127.09000000,0.58100000,73.83929000,1577531866371,False,True
126,110534657,127.09000000,1.33676000,169.88882840,1577531869689,False,True
127,110534658,127.09000000,0.34868000,44.31374120,1577531869754,False,True
128,110534659,127.09000000,0.41664000,52.95077760,1577531871475,False,True
129,110534660,127.09000000,0.09172000,11.65669480,1577531871507,False,True
130,110534661,127.07000000,0.65000000,82.59550000,1577531871516,True,True
131,110534662,127.09000000,0.08734000,11.10004060,1577531877928,False,True
132,110534663,127.09000000,0.58000000,73.71220000,1577531878804,False,True
133,110534664,127.09000000,1.05300000,133.82577000,1577531878876,False,True
134,110534665,127.09000000,0.08733000,11.09876970,1577531884359,False,True
135,110534666,127.09000000,0.94422000,120.00091980,1577531885535,False,True
136,110534667,127.08000000,2.51081000,319.07373480,1577531888600,True,True
137,110534668,127.09000000,1.14700000,145.77223000,1577531891338,False,True
138,110534669,127.09000000,1.14700000,145.77223000,1577531891441,False,True
139,110534670,127.09000000,0.49800000,63.29082000,1577531891547,False,True
140,110534671,127.09000000,0.08809000,11.19535810,1577531892580,False,True
141,110534672,127.09000000,0.45228000,57.48026520,1577531894937,False,True
142,110534673,127.09000000,0.31379000,39.87957110,1577531894937,False,True
143,110534674,127.09000000,0.31440000,39.95709600,1577531894937,False,True
144,110534675,127.12000000,7.99999000,1016.95872880,1577531895162,False,True
145,110534676,127.13000000,8.33687000,1059.86628310,1577531895825,False,True
146,110534677,127.12000000,0.35174000,44.71318880,1577531896538,True,True
147,110534678,127.12000000,0.37672000,47.88864640,1577531896681,True,True
148,110534679,127.13000000,0.08963000,11.39466190,1577531898810,False,True
149,110534680,127.13000000,0.09304000,11.82817520,1577531905060,False,True
150,110534681,127.12000000,3.92139000,498.48709680,1577531906477,True,True
151,110534682,127.12000000,3.11225000,395.62922000,1577531907774,True,True
152,110534683,127.13000000,0.09163000,11.64892190,1577531913238,False,True
153,110534684,127.12000000,3.11250000,395.66100000,1577531917420,False,True
154,110534685,127.12000000,0.09464000,12.03063680,1577531919463,False,True
155,110534686,127.09000000,0.34305000,43.59822450,1577531920134,True,True
156,110534687,127.08000000,0.25370000,32.24019600,1577531920134,True,True
157,110534688,127.10000000,1.01700000,129.26070000,1577531921107,False,True
158,110534689,127.10000000,1.14700000,145.78370000,1577531921220,False,True
159,110534690,127.10000000,0.33600000,42.70560000,1577531921318,False,True
160,110534691,127.10000000,0.00020000,0.02542000,1577531923104,False,True
161,110534692,127.10000000,0.27280000,34.67288000,1577531923104,False,True
162,110534693,127.10000000,0.00036000,0.04575600,1577531923842,False,True
163,110534694,127.10000000,0.27264000,34.65254400,1577531923842,False,True
164,110534695,127.10000000,0.00060000,0.07626000,1577531927684,False,True
165,110534696,127.13000000,0.06066000,7.71170580,1577531927684,False,True
166,110534697,127.13000000,0.02753000,3.49988890,1577531927684,False,True
167,110534698,127.10000000,2.02929000,257.92275900,1577531933131,True,True
168,110534699,127.13000000,0.07869000,10.00385970,1577531933903,False,True
169,110534700,127.13000000,0.01307000,1.66158910,1577531933903,False,True
170,110534701,127.13000000,0.09282000,11.80020660,1577531942111,False,True
171,110534702,127.12000000,3.20688000,407.65858560,1577531943946,True,True
172,110534703,127.11000000,1.41005000,179.23145550,1577531943946,True,True
173,110534704,127.12000000,5.36200000,681.61744000,1577531944017,False,True
174,110534705,127.12000000,0.09000000,11.44080000,1577531944772,False,True
175,110534706,127.08000000,1.00000000,127.08000000,1577531945167,True,True
176,110534707,127.07000000,9.27846000,1179.01391220,1577531945167,True,True
177,110534708,127.12000000,3.05200000,387.97024000,1577531945312,False,True
178,110534709,127.07000000,0.09000000,11.43630000,1577531945568,True,True
179,110534710,127.09000000,0.58167000,73.92444030,1577531949503,True,True
180,110534711,127.12000000,0.09051000,11.50563120,1577531950336,False,True
181,110534712,127.13000000,0.09225000,11.72774250,1577531956553,False,True
182,110534713,127.11000000,1.14700000,145.79517000,1577531961489,False,True
183,110534714,127.11000000,0.45921000,58.37018310,1577531961965,False,True
184,110534715,127.12000000,0.09271000,11.78529520,1577531964770,False,True
185,110534716,127.11000000,0.36435000,46.31252850,1577531966979,True,True
186,110534717,127.12000000,0.08828000,11.22215360,1577531972990,False,True
187,110534718,127.11000000,1.27428000,161.97373080,1577531975719,False,True
188,110534719,127.11000000,2.42135000,307.77779850,1577531976608,True,True
189,110534720,127.12000000,0.09357000,11.89461840,1577531981217,False,True
190,110534721,127.12000000,0.10213000,12.98276560,1577531982289,False,True
191,110534722,127.12000000,0.28756000,36.55462720,1577531982289,False,True
192,110534723,127.12000000,0.28331000,36.01436720,1577531982289,False,True
193,110534724,127.11000000,0.54300000,69.02073000,1577531982944,False,True
194,110534725,127.11000000,4.06935000,517.25507850,1577531984215,False,True
195,110534726,127.11000000,0.24965000,31.73301150,1577531984215,False,True
196,110534727,127.11000000,0.00063000,0.08007930,1577531987429,False,True
197,110534728,127.13000000,0.09034000,11.48492420,1577531987429,False,True
198,110534729,127.14000000,0.09510000,12.09101400,1577531993650,False,True
199,110534730,127.10000000,0.46281000,58.82315100,1577531996316,True,True
200,110534731,127.14000000,0.09304000,11.82910560,1577531999870,False,True
201,110534732,127.10000000,0.77000000,97.86700000,1577532002555,True,True
202,110534733,127.14000000,0.08907000,11.32435980,1577532006092,False,True
203,110534734,127.10000000,1.92990000,245.29029000,1577532011845,True,True
204,110534735,127.09000000,0.04810000,6.11302900,1577532011845,True,True
205,110534736,127.13000000,0.08964000,11.39593320,1577532014309,False,True
206,110534737,127.12000000,0.09409000,11.96072080,1577532022523,False,True
207,110534738,127.12000000,0.09784000,12.43742080,1577532025011,False,True
208,110534739,127.12000000,0.08951000,11.37851120,1577532030748,False,True
209,110534740,127.12000000,0.09180000,11.66961600,1577532036963,False,True
210,110534741,127.12000000,0.00347000,0.44110640,1577532040937,False,True
211,110534742,127.12000000,0.19698000,25.04009760,1577532040937,False,True
212,110534743,127.12000000,0.19670000,25.00450400,1577532040937,False,True
213,110534744,127.14000000,0.09286000,11.80622040,1577532045210,False,True
214,110534745,127.14000000,0.09102000,11.57228280,1577532051393,False,True
215,110534746,127.13000000,0.07868000,10.00258840,1577532059619,False,True
216,110534747,127.13000000,0.01437000,1.82685810,1577532059619,False,True
217,110534748,127.13000000,0.14334000,18.22281420,1577532060430,False,True
218,110534749,127.13000000,0.04066000,5.16910580,1577532060430,False,True
219,110534750,127.13000000,0.11700000,14.87421000,1577532061160,False,True
220,110534751,127.14000000,0.09378000,11.92318920,1577532065836,False,True
221,110534752,127.10000000,1.76227000,223.98451700,1577532072077,True,True
222,110534753,127.14000000,0.08998000,11.44005720,1577532074053,False,True
223,110534754,127.13000000,0.09332000,11.86377160,1577532080272,False,True
224,110534755,127.10000000,0.10270000,13.05317000,1577532083288,True,True
225,110534756,127.13000000,0.08839000,11.23702070,1577532086497,False,True
226,110534757,127.13000000,0.08978000,11.41373140,1577532094713,False,True
227,110534758,127.10000000,0.98585000,125.30153500,1577532095806,True,True
228,110534759,127.13000000,0.08826000,11.22049380,1577532102924,False,True
229,110534760,127.13000000,0.01697000,2.15739610,1577532109162,False,True
230,110534761,127.13000000,0.07600000,9.66188000,1577532109162,False,True
231,110534762,127.13000000,0.09148000,11.62985240,1577532115368,False,True
232,110534763,127.13000000,0.09126000,11.60188380,1577532121594,False,True
233,110534764,127.14000000,3.63280000,461.87419200,1577532129541,False,True
234,110534765,127.14000000,0.15906000,20.22288840,1577532129541,False,True
235,110534766,127.14000000,0.15906000,20.22288840,1577532129541,False,True
236,110534767,127.14000000,3.82700000,486.56478000,1577532129689,True,True
237,110534768,127.14000000,2.22208000,282.51525120,1577532129810,True,True
238,110534769,127.14000000,0.09380000,11.92573200,1577532129986,False,True
239,110534770,127.11000000,0.55396000,70.41385560,1577532133262,True,True
240,110534771,127.13000000,0.09489000,12.06336570,1577532136212,False,True
241,110534772,127.12000000,0.37671000,47.88737520,1577532137516,False,True
242,110534773,127.13000000,0.10161000,12.91767930,1577532137516,False,True
243,110534774,127.13000000,0.14303000,18.18340390,1577532137516,False,True
244,110534775,127.13000000,0.14340000,18.23044200,1577532137516,False,True
245,110534776,127.14000000,0.14354000,18.24967560,1577532137516,False,True
246,110534777,127.14000000,0.09232000,11.73756480,1577532142430,False,True
247,110534778,127.14000000,0.09231000,11.73629340,1577532148650,False,True
248,110534779,127.14000000,0.08821000,11.21501940,1577532154868,False,True
249,110534780,127.14000000,0.08494000,10.79927160,1577532161089,False,True
250,110534781,127.14000000,0.00887000,1.12773180,1577532161089,False,True
251,110534782,127.13000000,0.08910000,11.32728300,1577532167305,False,True
252,110534783,127.13000000,0.08888000,11.29931440,1577532173531,False,True
253,110534784,127.12000000,0.07870000,10.00434400,1577532179739,False,True
254,110534785,127.13000000,0.01268000,1.61200840,1577532179739,False,True
255,110534786,127.14000000,0.08778000,11.16034920,1577532185986,False,True
256,110534787,127.14000000,0.30000000,38.14200000,1577532191168,False,True
257,110534788,127.14000000,0.09318000,11.84690520,1577532192203,False,True
258,110534789,127.13000000,0.08863000,11.26753190,1577532198401,False,True
259,110534790,127.13000000,0.09434000,11.99344420,1577532206610,False,True
260,110534791,127.13000000,0.08813000,11.20396690,1577532214833,False,True
261,110534792,127.13000000,0.09259000,11.77096670,1577532223057,False,True
262,110534793,127.11000000,1.97610000,251.18207100,1577532225112,True,True
263,110534794,127.08000000,3.62131000,460.19607480,1577532225112,True,True
264,110534795,127.08000000,0.68021000,86.44108680,1577532225112,True,True
265,110534796,127.07000000,8.66305000,1100.81376350,1577532225112,True,True
266,110534797,127.13000000,0.01302000,1.65523260,1577532231274,False,True
267,110534798,127.13000000,0.07728000,9.82460640,1577532231274,False,True
268,110534799,127.13000000,0.06053000,7.69517890,1577532232706,False,True
269,110534800,127.13000000,0.13803000,17.54775390,1577532232706,False,True
270,110534801,127.14000000,0.30144000,38.32508160,1577532232706,False,True
271,110534802,127.13000000,0.08870000,11.27643100,1577532239528,False,True
272,110534803,127.13000000,0.02995000,3.80754350,1577532241316,False,True
273,110534804,127.13000000,0.11805000,15.00769650,1577532241316,False,True
274,110534805,127.14000000,0.09210000,11.70959400,1577532245737,False,True
275,110534806,127.13000000,0.59304000,75.39317520,1577532246832,True,True
276,110534807,127.14000000,0.23385000,29.73168900,1577532247112,False,True
277,110534808,127.14000000,0.11316000,14.38716240,1577532247112,False,True
278,110534809,127.14000000,0.11341000,14.41894740,1577532247112,False,True
279,110534810,127.14000000,0.17558000,22.32324120,1577532247112,False,True
280,110534811,127.13000000,31.46807000,4000.53573910,1577532249832,True,True
281,110534812,127.15000000,2.71400000,345.08510000,1577532252182,False,True
282,110534813,127.15000000,0.09312000,11.84020800,1577532253952,False,True
283,110534814,127.14000000,0.37671000,47.89490940,1577532256683,True,True
284,110534815,127.15000000,0.09477000,12.05000550,1577532260177,False,True
285,110534816,127.15000000,0.78900000,100.32135000,1577532265802,False,True
286,110534817,127.15000000,0.08959000,11.39136850,1577532266358,False,True
287,110534818,127.15000000,0.32200000,40.94230000,1577532268003,False,True
288,110534819,127.15000000,0.36600000,46.53690000,1577532268105,False,True
289,110534820,127.16000000,0.09339000,11.87547240,1577532274579,False,True
290,110534821,127.16000000,0.21163000,26.91087080,1577532280483,False,True
291,110534822,127.16000000,0.09034000,11.48763440,1577532282794,False,True
292,110534823,127.17000000,0.00008000,0.01017360,1577532282794,False,True
293,110534824,127.13000000,0.78800000,100.17844000,1577532287382,True,True
294,110534825,127.16000000,0.08653000,11.00315480,1577532289025,False,True
295,110534826,127.15000000,0.07866000,10.00161900,1577532294528,True,True
296,110534827,127.16000000,0.08094000,10.29233040,1577532297240,False,True
297,110534828,127.18000000,0.00852000,1.08357360,1577532297240,False,True
298,110534829,127.18000000,0.08695000,11.05830100,1577532305515,False,True
299,110534830,127.18000000,0.89100000,113.31738000,1577532308108,False,True
300,110534831,127.18000000,2.70055000,343.45594900,1577532311064,False,True
301,110534832,127.18000000,0.08672000,11.02904960,1577532311729,False,True
302,110534833,127.14000000,1.83573000,233.39471220,1577532313433,True,True
303,110534834,127.14000000,0.31533000,40.09105620,1577532313717,True,True
304,110534835,127.14000000,1.12752000,143.35289280,1577532313724,True,True
305,110534836,127.14000000,1.89000000,240.29460000,1577532313724,True,True
306,110534837,127.13000000,4.86581000,618.59042530,1577532313724,True,True
307,110534838,127.13000000,1.61646000,205.50055980,1577532316271,True,True
308,110534839,127.13000000,0.15731000,19.99882030,1577532316271,True,True
309,110534840,127.13000000,0.75588000,96.09502440,1577532316271,True,True
310,110534841,127.12000000,1.21826000,154.86521120,1577532316271,True,True
311,110534842,127.12000000,2.04540000,260.01124800,1577532316271,True,True
312,110534843,127.11000000,1.29171000,164.18925810,1577532316271,True,True
313,110534844,127.10000000,2.91498000,370.49395800,1577532316271,True,True
314,110534845,127.11000000,1.03438000,131.48004180,1577532319270,True,True
315,110534846,127.16000000,0.08655000,11.00569800,1577532319946,False,True
316,110534847,127.16000000,1.07400000,136.56984000,1577532320727,False,True
317,110534848,127.16000000,1.26200000,160.47592000,1577532321040,False,True
318,110534849,127.16000000,1.26200000,160.47592000,1577532321455,False,True
319,110534850,127.16000000,1.26200000,160.47592000,1577532322291,False,True
320,110534851,127.16000000,1.26200000,160.47592000,1577532322929,False,True
321,110534852,127.16000000,1.24800000,158.69568000,1577532323458,False,True
322,110534853,127.16000000,1.26200000,160.47592000,1577532325230,False,True
323,110534854,127.16000000,1.26200000,160.47592000,1577532326170,False,True
324,110534855,127.16000000,0.61300000,77.94908000,1577532328076,False,True
325,110534856,127.16000000,0.09262000,11.77755920,1577532328157,False,True
326,110534857,127.16000000,0.64900000,82.52684000,1577532328292,False,True
327,110534858,127.16000000,0.41900000,53.28004000,1577532328918,False,True
328,110534859,127.16000000,1.23400000,156.91544000,1577532329347,False,True
329,110534860,127.16000000,1.26200000,160.47592000,1577532330091,False,True
330,110534861,127.16000000,0.74983000,95.34838280,1577532330518,False,True
331,110534862,127.16000000,0.37673000,47.90498680,1577532330518,False,True
332,110534863,127.16000000,0.13544000,17.22255040,1577532330518,False,True
333,110534864,127.15000000,0.15093000,19.19074950,1577532330529,True,True
334,110534865,127.16000000,1.26200000,160.47592000,1577532331586,False,True
335,110534866,127.16000000,1.26200000,160.47592000,1577532332623,False,True
336,110534867,127.16000000,1.26200000,160.47592000,1577532333044,False,True
337,110534868,127.16000000,1.26200000,160.47592000,1577532333468,False,True
338,110534869,127.16000000,1.26200000,160.47592000,1577532333783,False,True
339,110534870,127.16000000,0.41700000,53.02572000,1577532333786,False,True
340,110534871,127.16000000,1.26200000,160.47592000,1577532334218,False,True
341,110534872,127.16000000,0.08844000,11.24603040,1577532334379,False,True
342,110534873,127.16000000,1.09200000,138.85872000,1577532335162,False,True
343,110534874,127.16000000,0.00079000,0.10045640,1577532340601,False,True
344,110534875,127.18000000,0.09078000,11.54540040,1577532340601,False,True
345,110534876,127.18000000,0.07926000,10.08028680,1577532346783,False,True
346,110534877,127.18000000,0.01478000,1.87972040,1577532346783,False,True
347,110534878,127.17000000,0.09257000,11.77212690,1577532353006,False,True
348,110534879,127.17000000,0.09005000,11.45165850,1577532359223,False,True
349,110534880,127.14000000,0.15706000,19.96860840,1577532359367,True,True
350,110534881,127.14000000,3.99000000,507.28860000,1577532362032,True,True
351,110534882,127.17000000,0.09299000,11.82553830,1577532365440,False,True
352,110534883,127.17000000,0.09286000,11.80900620,1577532371686,False,True
353,110534884,127.16000000,0.09435000,11.99754600,1577532377877,False,True
354,110534885,127.13000000,0.53900000,68.52307000,1577532379754,True,True
355,110534886,127.16000000,0.09299000,11.82460840,1577532384094,False,True
356,110534887,127.16000000,0.09401000,11.95431160,1577532390313,False,True
357,110534888,127.16000000,0.09534000,12.12343440,1577532392644,False,True
358,110534889,127.16000000,0.29780000,37.86824800,1577532392644,False,True
359,110534890,127.18000000,0.09483000,12.06047940,1577532398532,False,True
360,110534891,127.18000000,0.09088000,11.55811840,1577532404747,False,True
361,110534892,127.18000000,0.09439000,12.00452020,1577532412960,False,True
362,110534893,127.17000000,0.09223000,11.72888910,1577532419171,False,True
363,110534894,127.17000000,0.09171000,11.66276070,1577532427393,False,True
364,110534895,127.16000000,0.09176000,11.66820160,1577532435605,False,True
365,110534896,127.13000000,3.74333000,475.88954290,1577532437456,True,True
366,110534897,127.13000000,3.53035000,448.81339550,1577532437456,True,True
367,110534898,127.13000000,1.89000000,240.27570000,1577532437456,True,True
368,110534899,127.13000000,4.61697000,586.95539610,1577532439272,False,True
369,110534900,127.13000000,0.74000000,94.07620000,1577532440073,False,True
370,110534901,127.11000000,0.93392000,118.71057120,1577532442415,True,True
371,110534902,127.13000000,0.09060000,11.51797800,1577532443828,False,True
372,110534903,127.13000000,0.09079000,11.54213270,1577532450120,False,True
373,110534904,127.13000000,1.26100000,160.31093000,1577532451377,False,True
374,110534905,127.13000000,1.26100000,160.31093000,1577532451490,False,True
375,110534906,127.13000000,1.26200000,160.43806000,1577532451601,False,True
376,110534907,127.13000000,6.42000000,816.17460000,1577532451702,False,True
377,110534908,127.13000000,0.09103000,11.57264390,1577532456300,False,True
378,110534909,127.13000000,1.54800000,196.79724000,1577532457137,False,True
379,110534910,127.13000000,1.54800000,196.79724000,1577532457236,False,True
380,110534911,127.13000000,7.16900000,911.39497000,1577532457346,False,True
381,110534912,127.13000000,0.73700000,93.69481000,1577532458910,False,True
382,110534913,127.13000000,0.00093000,0.11823090,1577532462725,False,True
383,110534914,127.15000000,0.09236000,11.74357400,1577532462725,False,True
384,110534915,127.13000000,1.00000000,127.13000000,1577532467589,False,True
385,110534916,127.13000000,0.90680000,115.28148400,1577532467761,True,True
386,110534917,127.11000000,5.59677000,711.40543470,1577532467761,True,True
387,110534918,127.11000000,2.14444000,272.57976840,1577532467761,True,True
388,110534919,127.12000000,6.31300000,802.50856000,1577532470116,True,True
389,110534920,127.11000000,3.27167000,415.86197370,1577532470116,True,True
390,110534921,127.10000000,6.18447000,786.04613700,1577532470116,True,True
391,110534922,127.13000000,0.08749000,11.12260370,1577532471120,False,True
392,110534923,127.10000000,7.86578000,999.74063800,1577532473069,True,True
393,110534924,127.10000000,0.35566000,45.20438600,1577532474678,True,True
394,110534925,127.10000000,0.35379000,44.96670900,1577532474678,True,True
395,110534926,127.10000000,0.00007000,0.00889700,1577532475570,True,True
396,110534927,127.10000000,0.07861000,9.99133100,1577532478268,False,True
397,110534928,127.11000000,7.92139000,1006.88788290,1577532478268,False,True
398,110534929,127.11000000,0.08803000,11.18949330,1577532479331,False,True
399,110534930,127.11000000,0.10566000,13.43044260,1577532481243,False,True
400,110534931,127.11000000,1.42991000,181.75586010,1577532485685,True,True
401,110534932,127.12000000,0.09008000,11.45096960,1577532485765,False,True
402,110534933,127.12000000,0.02587000,3.28859440,1577532491992,False,True
403,110534934,127.13000000,0.06082000,7.73204660,1577532491992,False,True
404,110534935,127.13000000,0.08879000,11.28787270,1577532498203,False,True
405,110534936,127.10000000,3.38489000,430.21951900,1577532499354,True,True
406,110534937,127.13000000,0.57227000,72.75268510,1577532505603,False,True
407,110534938,127.13000000,0.11579000,14.72038270,1577532505603,False,True
408,110534939,127.13000000,0.11585000,14.72801050,1577532505603,False,True
409,110534940,127.13000000,0.47800000,60.76814000,1577532505755,True,True
410,110534941,127.13000000,0.54511000,69.29983430,1577532505798,True,True
411,110534942,127.12000000,0.09207000,11.70393840,1577532506418,False,True
412,110534943,127.11000000,1.43297000,182.14481670,1577532511384,True,True
413,110534944,127.11000000,0.27281000,34.67687910,1577532511656,True,True
414,110534945,127.10000000,0.08654000,10.99923400,1577532511656,True,True
415,110534946,127.10000000,0.52065000,66.17461500,1577532511656,True,True
416,110534947,127.11000000,1.67951000,213.48251610,1577532512308,False,True
417,110534948,127.12000000,0.01267000,1.61061040,1577532512634,False,True
418,110534949,127.12000000,0.07666000,9.74501920,1577532512634,False,True
419,110534950,127.12000000,0.08689000,11.04545680,1577532518845,False,True
420,110534951,127.11000000,1.67951000,213.48251610,1577532521507,True,True
421,110534952,127.11000000,0.08900000,11.31279000,1577532525066,False,True
422,110534953,127.10000000,0.46000000,58.46600000,1577532526984,True,True
423,110534954,127.11000000,0.01533000,1.94859630,1577532531279,False,True
424,110534955,127.11000000,0.07130000,9.06294300,1577532531279,False,True
425,110534956,127.10000000,7.86689000,999.88171900,1577532537496,True,True
426,110534957,127.11000000,0.09185000,11.67505350,1577532537497,False,True
427,110534958,127.10000000,0.29986000,38.11220600,1577532537630,True,True
428,110534959,127.11000000,0.25519000,32.43720090,1577532540027,False,True
429,110534960,127.10000000,0.25214000,32.04699400,1577532540159,True,True
430,110534961,127.10000000,16.79957000,2135.22534700,1577532541432,True,True
431,110534962,127.10000000,0.89098000,113.24355800,1577532541432,True,True
432,110534963,127.10000000,0.89174000,113.34015400,1577532541432,True,True
433,110534964,127.09000000,1.33243000,169.33852870,1577532541960,True,True
434,110534965,127.09000000,0.19700000,25.03673000,1577532542075,False,True
435,110534966,127.07000000,2.06640000,262.57744800,1577532542729,True,True
436,110534967,127.07000000,0.90153000,114.55741710,1577532543659,True,True
437,110534968,127.07000000,0.34900000,44.34743000,1577532543766,False,True
438,110534969,127.07000000,0.74947000,95.23515290,1577532544201,False,True
439,110534970,127.07000000,1.10953000,140.98797710,1577532544201,False,True
440,110534971,127.07000000,0.99426000,126.34061820,1577532544314,False,True
441,110534972,127.08000000,0.80995000,102.92844600,1577532545267,False,True
442,110534973,127.08000000,0.19004000,24.15028320,1577532545368,False,True
443,110534974,127.08000000,0.00001000,0.00127080,1577532545715,False,True
444,110534975,127.09000000,0.09495000,12.06719550,1577532545715,False,True
445,110534976,127.08000000,0.44612000,56.69292960,1577532547136,False,True
446,110534977,127.07000000,1.54900000,196.83143000,1577532547428,False,True
447,110534978,127.04000000,0.54138000,68.77691520,1577532547892,True,True
448,110534979,127.06000000,1.68030000,213.49891800,1577532548495,False,True
449,110534980,127.05000000,6.20600000,788.47230000,1577532548788,True,True
450,110534981,127.04000000,1.51452000,192.40462080,1577532548788,True,True
451,110534982,127.04000000,2.07948000,264.17713920,1577532548788,True,True
452,110534983,127.04000000,0.31511000,40.03157440,1577532549979,True,True
453,110534984,127.06000000,0.09092000,11.55229520,1577532551950,False,True
454,110534985,127.06000000,1.73100000,219.94086000,1577532553558,False,True
455,110534986,127.06000000,1.85194000,235.30749640,1577532553698,False,True
456,110534987,127.06000000,0.17672000,22.45404320,1577532553698,False,True
457,110534988,127.06000000,0.00956000,1.21469360,1577532553862,False,True
458,110534989,127.06000000,0.18644000,23.68906640,1577532553862,False,True
459,110534990,127.06000000,0.00009000,0.01143540,1577532556197,False,True
460,110534991,127.08000000,0.37600000,47.78208000,1577532557393,False,True
461,110534992,127.08000000,0.00071000,0.09022680,1577532558145,False,True
462,110534993,127.11000000,0.08899000,11.31151890,1577532558145,False,True
463,110534994,127.10000000,0.19300000,24.53030000,1577532562041,False,True
464,110534995,127.10000000,0.08918000,11.33477800,1577532564361,False,True
465,110534996,127.09000000,0.31328000,39.81475520,1577532565515,False,True
466,110534997,127.08000000,1.68030000,213.53252400,1577532565524,True,True
467,110534998,127.10000000,0.16721000,21.25239100,1577532569259,False,True
468,110534999,127.10000000,0.16679000,21.19900900,1577532569259,False,True
469,110535000,127.10000000,0.00017000,0.02160700,1577532570578,False,True
470,110535001,127.11000000,0.09212000,11.70937320,1577532570578,False,True
471,110535002,127.11000000,0.74300000,94.44273000,1577532570641,False,True
472,110535003,127.10000000,5.00000000,635.50000000,1577532571038,True,True
473,110535004,127.10000000,2.06200000,262.08020000,1577532572222,True,True
474,110535005,127.10000000,0.67000000,85.15700000,1577532573078,False,True
475,110535006,127.10000000,8.42902000,1071.32844200,1577532576543,False,True
476,110535007,127.10000000,0.08707000,11.06659700,1577532576804,False,True
477,110535008,127.10000000,0.48401000,61.51767100,1577532577200,False,True
478,110535009,127.10000000,0.46866000,59.56668600,1577532577241,False,True
479,110535010,127.10000000,0.49100000,62.40610000,1577532581341,False,True
480,110535011,127.10000000,1.29300000,164.34030000,1577532583940,False,True
481,110535012,127.10000000,1.29300000,164.34030000,1577532583971,False,True
482,110535013,127.10000000,1.54900000,196.87790000,1577532584085,False,True
483,110535014,127.10000000,1.54900000,196.87790000,1577532584493,False,True
484,110535015,127.10000000,1.62424000,206.44090400,1577532584929,False,True
485,110535016,127.10000000,0.11144000,14.16402400,1577532584929,False,True
486,110535017,127.10000000,0.11132000,14.14877200,1577532584929,False,True
487,110535018,127.10000000,0.00055000,0.06990500,1577532585009,False,True
488,110535019,127.13000000,0.08645000,10.99038850,1577532585009,False,True
489,110535020,127.13000000,0.00477000,0.60641010,1577532585009,False,True
490,110535021,127.12000000,0.52710000,67.00495200,1577532588653,False,True
491,110535022,127.13000000,0.08970000,11.40356100,1577532593229,False,True
492,110535023,127.12000000,1.68030000,213.59973600,1577532594592,True,True
493,110535024,127.13000000,0.91025000,115.72008250,1577532595106,False,True
494,110535025,127.14000000,0.39424000,50.12367360,1577532596277,False,True
495,110535026,127.12000000,0.07867000,10.00053040,1577532596329,True,True
496,110535027,127.12000000,0.16700000,21.22904000,1577532597746,True,True
497,110535028,127.14000000,0.08913000,11.33198820,1577532599441,False,True
498,110535029,127.13000000,0.19700000,25.04461000,1577532605353,True,True
499,110535030,127.13000000,1.90234000,241.84448420,1577532605839,True,True
