,id,price,qty,quoteQty,time,isBuyerMaker,isBestMatch
0,110601111,128.31000000,0.38559000,49.47505290,1577614910115,False,True
1,110601112,128.32000000,0.53848000,69.09775360,1577614910115,False,True
2,110601113,128.31000000,1.00047000,128.37030570,1577614910666,False,True
3,110601114,128.31000000,0.09346000,11.99185260,1577614915500,False,True
4,110601115,128.31000000,0.08569000,10.99488390,1577614923558,False,True
5,110601116,128.31000000,2.74938000,352.77294780,1577614926726,False,True
6,110601117,128.31000000,3.92900000,504.12999000,1577614926726,False,True
7,110601118,128.31000000,3.92900000,504.12999000,1577614926726,False,True
8,110601119,128.31000000,2.85891000,366.82674210,1577614926726,False,True
9,110601120,128.31000000,0.08625000,11.06673750,1577614931765,False,True
10,110601121,128.25000000,0.49670000,63.70177500,1577614937674,True,True
11,110601122,128.27000000,0.08886000,11.39807220,1577614937986,False,True
12,110601123,128.27000000,0.09024000,11.57508480,1577614944201,False,True
13,110601124,128.27000000,0.08950000,11.48016500,1577614950465,False,True
14,110601125,128.26000000,0.79945000,102.53745700,1577614957082,True,True
15,110601126,128.27000000,0.09012000,11.55969240,1577614958634,False,True
16,110601127,128.27000000,0.02137000,2.74112990,1577614964851,False,True
17,110601128,128.30000000,0.06952000,8.91941600,1577614964851,False,True
18,110601129,128.30000000,0.08614000,11.05176200,1577614971065,False,True
19,110601130,128.28000000,3.55058000,455.46840240,1577614974775,True,True
20,110601131,128.28000000,0.13342000,17.11511760,1577614977236,False,True
21,110601132,128.30000000,0.04657000,5.97493100,1577614977236,False,True
22,110601133,128.33000000,3.18701000,408.98899330,1577614977236,False,True
23,110601134,128.31000000,0.08652000,11.10138120,1577614977287,False,True
24,110601135,128.33000000,0.08590000,11.02354700,1577614983495,False,True
25,110601136,128.34000000,0.09064000,11.63273760,1577614989712,False,True
26,110601137,128.28000000,2.40619000,308.66605320,1577614995429,True,True
27,110601138,128.28000000,1.92381000,246.78634680,1577614995429,True,True
28,110601139,128.28000000,0.85944000,110.24896320,1577614995434,True,True
29,110601140,128.28000000,0.08567000,10.98974760,1577614995929,False,True
30,110601141,128.28000000,0.10000000,12.82800000,1577614996337,False,True
31,110601142,128.27000000,0.38009000,48.75414430,1577614997246,True,True
32,110601143,128.27000000,0.33736000,43.27316720,1577615000987,True,True
33,110601144,128.27000000,0.65100000,83.50377000,1577615003822,False,True
34,110601145,128.27000000,0.08811000,11.30186970,1577615004156,False,True
35,110601146,128.27000000,2.61577000,335.52481790,1577615004951,False,True
36,110601147,128.27000000,0.08926000,11.44938020,1577615012369,False,True
37,110601148,128.27000000,0.34900000,44.76623000,1577615012612,False,True
38,110601149,128.27000000,0.13817000,17.72306590,1577615014111,False,True
39,110601150,128.28000000,0.09002000,11.54776560,1577615018578,False,True
40,110601151,128.28000000,0.25700000,32.96796000,1577615021462,False,True
41,110601152,128.28000000,0.32300000,41.43444000,1577615023380,False,True
42,110601153,128.27000000,2.99792000,384.54319840,1577615025424,True,True
43,110601154,128.28000000,0.09081000,11.64910680,1577615026798,False,True
44,110601155,128.28000000,0.99400000,127.51032000,1577615028097,False,True
45,110601156,128.27000000,0.07798000,10.00249460,1577615030730,True,True
46,110601157,128.28000000,0.84900000,108.90972000,1577615032493,False,True
47,110601158,128.28000000,0.08992000,11.53493760,1577615035018,False,True
48,110601159,128.27000000,1.92410000,246.80430700,1577615037190,True,True
49,110601160,128.27000000,1.87589000,240.62041030,1577615037190,True,True
50,110601161,128.27000000,3.79999000,487.42471730,1577615037190,True,True
51,110601162,128.27000000,3.79999000,487.42471730,1577615037205,True,True
52,110601163,128.27000000,2.05500000,263.59485000,1577615037210,True,True
53,110601164,128.27000000,1.74022000,223.21801940,1577615037218,True,True
54,110601165,128.27000000,1.72891000,221.76728570,1577615037229,True,True
55,110601166,128.27000000,0.32609000,41.82756430,1577615037229,True,True
56,110601167,128.27000000,1.89398000,242.94081460,1577615037264,True,True
57,110601168,128.27000000,0.09092000,11.66230840,1577615043236,False,True
58,110601169,128.26000000,0.20008000,25.66226080,1577615044002,False,True
59,110601170,128.26000000,0.84784000,108.74395840,1577615045159,False,True
60,110601171,128.28000000,0.08658000,11.10648240,1577615049446,False,True
61,110601172,128.25000000,0.49300000,63.22725000,1577615049826,True,True
62,110601173,128.25000000,7.99900000,1025.87175000,1577615049826,True,True
63,110601174,128.24000000,0.66600000,85.40784000,1577615050748,True,True
64,110601175,128.25000000,1.00800000,129.27600000,1577615051480,True,True
65,110601176,128.27000000,0.09223000,11.83034210,1577615057667,False,True
66,110601177,128.27000000,0.09307000,11.93808890,1577615065878,False,True
67,110601178,128.27000000,0.08971000,11.50710170,1577615072102,False,True
68,110601179,128.27000000,0.09080000,11.64691600,1577615080312,False,True
69,110601180,128.27000000,0.01428000,1.83169560,1577615086720,False,True
70,110601181,128.28000000,0.07563000,9.70181640,1577615086720,False,True
71,110601182,128.27000000,3.39200000,435.09184000,1577615091110,True,True
72,110601183,128.26000000,0.09750000,12.50535000,1577615092716,True,True
73,110601184,128.28000000,0.08869000,11.37715320,1577615094747,False,True
74,110601185,128.28000000,0.09061000,11.62345080,1577615100967,False,True
75,110601186,128.28000000,0.08712000,11.17575360,1577615107184,False,True
76,110601187,128.28000000,0.09400000,12.05832000,1577615113596,False,True
77,110601188,128.27000000,0.38009000,48.75414430,1577615117253,True,True
78,110601189,128.27000000,1.55100000,198.94677000,1577615117721,True,True
79,110601190,128.28000000,0.06851000,8.78846280,1577615121642,False,True
80,110601191,128.28000000,0.02322000,2.97866160,1577615121642,False,True
81,110601192,128.28000000,0.08599000,11.03079720,1577615127836,False,True
82,110601193,128.28000000,0.09062000,11.62473360,1577615136206,False,True
83,110601194,128.28000000,0.08614000,11.05003920,1577615142265,False,True
84,110601195,128.27000000,0.00095000,0.12185650,1577615144210,True,True
85,110601196,128.27000000,0.19872000,25.48981440,1577615144210,True,True
86,110601197,128.28000000,0.08717000,11.18216760,1577615148479,False,True
87,110601198,128.27000000,0.07798000,10.00249460,1577615152008,True,True
88,110601199,128.27000000,0.72221000,92.63787670,1577615152030,True,True
89,110601200,128.27000000,1.61879000,207.64219330,1577615152030,True,True
90,110601201,128.28000000,0.09159000,11.74916520,1577615154700,False,True
91,110601202,128.28000000,0.08605000,11.03849400,1577615160926,False,True
92,110601203,128.26000000,0.13006000,16.68149560,1577615162904,True,True
93,110601204,128.27000000,1.32977000,170.56959790,1577615163078,False,True
94,110601205,128.28000000,3.66522000,470.17442160,1577615167103,False,True
95,110601206,128.28000000,7.29696000,936.05402880,1577615167103,False,True
96,110601207,128.31000000,0.20000000,25.66200000,1577615168326,True,True
97,110601208,128.34000000,3.58847000,460.54423980,1577615169009,False,True
98,110601209,128.35000000,0.35875000,46.04556250,1577615169009,False,True
99,110601210,128.35000000,0.10160000,13.04036000,1577615169009,False,True
100,110601211,128.35000000,0.95118000,122.08395300,1577615169009,False,True
101,110601212,128.34000000,0.08647000,11.09755980,1577615169138,False,True
102,110601213,128.35000000,0.11531000,14.80003850,1577615169563,False,True
103,110601214,128.35000000,0.80844000,103.76327400,1577615169563,False,True
104,110601215,128.35000000,0.07634000,9.79823900,1577615169563,False,True
105,110601216,128.35000000,0.67527000,86.67090450,1577615170121,False,True
106,110601217,128.35000000,0.32607000,41.85108450,1577615170121,False,True
107,110601218,128.36000000,1.70815000,219.25813400,1577615171068,False,True
108,110601219,128.34000000,0.31100000,39.91374000,1577615171474,True,True
109,110601220,128.35000000,0.10499000,13.47546650,1577615171909,True,True
110,110601221,128.35000000,0.10499000,13.47546650,1577615172000,True,True
111,110601222,128.35000000,0.10499000,13.47546650,1577615172096,True,True
112,110601223,128.35000000,0.10499000,13.47546650,1577615172229,True,True
113,110601224,128.35000000,0.60546000,77.71079100,1577615172229,True,True
114,110601225,128.35000000,0.10499000,13.47546650,1577615172312,True,True
115,110601226,128.36000000,2.15292000,276.34881120,1577615175030,True,True
116,110601227,128.36000000,1.84508000,236.83446880,1577615175049,False,True
117,110601228,128.37000000,0.25103000,32.22472110,1577615175049,False,True
118,110601229,128.37000000,2.90389000,372.77235930,1577615175049,False,True
119,110601230,128.37000000,0.09856000,12.65214720,1577615175309,False,True
120,110601231,128.38000000,0.89944000,115.47010720,1577615175309,False,True
121,110601232,128.37000000,0.09185000,11.79078450,1577615175350,False,True
122,110601233,128.34000000,4.33000000,555.71220000,1577615178007,False,True
123,110601234,128.34000000,0.14500000,18.60930000,1577615178007,False,True
124,110601235,128.37000000,0.38009000,48.79215330,1577615178007,False,True
125,110601236,128.38000000,0.14491000,18.60354580,1577615178007,False,True
126,110601237,128.35000000,1.12031000,143.79178850,1577615178610,False,True
127,110601238,128.35000000,1.00308000,128.74531800,1577615179142,False,True
128,110601239,128.35000000,1.00073000,128.44369550,1577615179689,False,True
129,110601240,128.35000000,1.00085000,128.45909750,1577615180233,False,True
130,110601241,128.35000000,0.19503000,25.03210050,1577615180782,False,True
131,110601242,128.35000000,0.80780000,103.68113000,1577615180782,False,True
132,110601243,128.35000000,1.00214000,128.62466900,1577615181324,False,True
133,110601244,128.35000000,0.09106000,11.68755100,1577615181781,False,True
134,110601245,128.35000000,0.73600000,94.46560000,1577615181873,False,True
135,110601246,128.40000000,0.26487000,34.00930800,1577615181873,False,True
136,110601247,128.36000000,0.79912000,102.57504320,1577615182034,True,True
137,110601248,128.36000000,0.30400000,39.02144000,1577615184066,True,True
138,110601249,128.36000000,0.93258000,119.70596880,1577615184398,True,True
139,110601250,128.36000000,2.82770000,362.96357200,1577615184398,True,True
140,110601251,128.36000000,0.56972000,73.12925920,1577615184435,False,True
141,110601252,128.40000000,4.05742000,520.97272800,1577615184435,False,True
142,110601253,128.40000000,0.08683000,11.14897200,1577615190003,False,True
143,110601254,128.36000000,0.70200000,90.10872000,1577615190008,True,True
144,110601255,128.36000000,1.33100000,170.84716000,1577615190040,True,True
145,110601256,128.36000000,2.03300000,260.95588000,1577615190040,True,True
146,110601257,128.36000000,0.96600000,123.99576000,1577615190068,False,True
147,110601258,128.36000000,2.46000000,315.76560000,1577615190068,False,True
148,110601259,128.36000000,1.57400000,202.03864000,1577615190068,False,True
149,110601260,128.36000000,0.09900000,12.70764000,1577615190611,False,True
150,110601261,128.36000000,0.90390000,116.02460400,1577615190611,False,True
151,110601262,128.36000000,1.00094000,128.48065840,1577615191160,False,True
152,110601263,128.36000000,1.00296000,128.73994560,1577615191706,False,True
153,110601264,128.36000000,1.00218000,128.63982480,1577615192256,False,True
154,110601265,128.36000000,0.42002000,53.91376720,1577615192790,False,True
155,110601266,128.40000000,0.58114000,74.61837600,1577615192790,False,True
156,110601267,128.35000000,0.11200000,14.37520000,1577615193119,True,True
157,110601268,128.35000000,4.32000000,554.47200000,1577615193457,True,True
158,110601269,128.35000000,0.56700000,72.77445000,1577615193476,True,True
159,110601270,128.35000000,0.56500000,72.51775000,1577615194215,True,True
160,110601271,128.35000000,1.35335000,173.70247250,1577615194215,True,True
161,110601272,128.35000000,0.38956000,50.00002600,1577615194313,True,True
162,110601273,128.35000000,1.14844000,147.40227400,1577615194339,False,True
163,110601274,128.38000000,1.00000000,128.38000000,1577615194339,False,True
164,110601275,128.38000000,0.50891000,65.33386580,1577615194339,False,True
165,110601276,128.40000000,0.20240000,25.98816000,1577615194339,False,True
166,110601277,128.35000000,2.07100000,265.81285000,1577615194416,False,True
167,110601278,128.38000000,0.08815000,11.31669700,1577615196220,False,True
168,110601279,128.35000000,0.50000000,64.17500000,1577615201204,True,True
169,110601280,128.38000000,0.08945000,11.48359100,1577615202455,False,True
170,110601281,128.39000000,3.23949000,415.91812110,1577615205330,False,True
171,110601282,128.40000000,1.73734000,223.07445600,1577615205330,False,True
172,110601283,128.40000000,0.02317000,2.97502800,1577615205330,False,True
173,110601284,128.37000000,1.55483000,199.59352710,1577615206701,False,True
174,110601285,128.40000000,0.09171000,11.77556400,1577615208664,False,True
175,110601286,128.34000000,0.08483000,10.88708220,1577615212214,True,True
176,110601287,128.40000000,0.95161000,122.18672400,1577615213533,False,True
177,110601288,128.40000000,0.80844000,103.80369600,1577615213533,False,True
178,110601289,128.40000000,0.75161000,96.50672400,1577615213533,False,True
179,110601290,128.40000000,0.21995000,28.24158000,1577615213533,False,True
180,110601291,128.40000000,0.85317000,109.54702800,1577615213533,False,True
181,110601292,128.35000000,4.33000000,555.75550000,1577615213965,True,True
182,110601293,128.40000000,0.08809000,11.31075600,1577615214881,False,True
183,110601294,128.35000000,1.13346000,145.47959100,1577615216217,True,True
184,110601295,128.41000000,0.08644000,11.09976040,1577615221099,False,True
185,110601296,128.36000000,5.00000000,641.80000000,1577615222946,False,True
186,110601297,128.40000000,1.00320000,128.81088000,1577615223518,False,True
187,110601298,128.35000000,0.52339000,67.17710650,1577615224229,True,True
188,110601299,128.40000000,0.42181000,54.16040400,1577615225979,False,True
189,110601300,128.40000000,0.09053000,11.62405200,1577615227321,False,True
190,110601301,128.40000000,2.08149000,267.26331600,1577615229110,False,True
191,110601302,128.40000000,0.60935000,78.24054000,1577615229110,False,True
192,110601303,128.40000000,2.30916000,296.49614400,1577615229110,False,True
193,110601304,128.40000000,1.00117000,128.55022800,1577615229672,False,True
194,110601305,128.40000000,1.00036000,128.44622400,1577615230216,False,True
195,110601306,128.40000000,1.00182000,128.63368800,1577615230774,False,True
196,110601307,128.40000000,1.00088000,128.51299200,1577615231329,False,True
197,110601308,128.39000000,0.20223000,25.96430970,1577615231877,False,True
198,110601309,128.40000000,0.79889000,102.57747600,1577615231877,False,True
199,110601310,128.40000000,1.00289000,128.77107600,1577615232424,False,True
200,110601311,128.40000000,1.00133000,128.57077200,1577615232983,False,True
201,110601312,128.40000000,1.00195000,128.65038000,1577615233535,False,True
202,110601313,128.40000000,0.09307000,11.95018800,1577615234001,False,True
203,110601314,128.40000000,1.00040000,128.45136000,1577615234085,False,True
204,110601315,128.35000000,0.79054000,101.46580900,1577615234354,True,True
205,110601316,128.40000000,1.00207000,128.66578800,1577615234635,False,True
206,110601317,128.40000000,1.00205000,128.66322000,1577615235190,False,True
207,110601318,128.40000000,1.00289000,128.77107600,1577615235751,False,True
208,110601319,128.37000000,0.18400000,23.62008000,1577615236165,True,True
209,110601320,128.40000000,0.38009000,48.80355600,1577615237266,False,True
210,110601321,128.41000000,0.58535000,75.16479350,1577615237266,False,True
211,110601322,128.42000000,1.77471000,227.90825820,1577615237266,False,True
212,110601323,128.37000000,0.89829000,115.31348730,1577615237915,True,True
213,110601324,128.41000000,0.09414000,12.08851740,1577615240432,False,True
214,110601325,128.41000000,0.18229000,23.40785890,1577615241601,False,True
215,110601326,128.42000000,1.93508000,248.50297360,1577615241601,False,True
216,110601327,128.42000000,2.88263000,370.18734460,1577615241601,False,True
217,110601328,128.41000000,0.75509000,96.96110690,1577615242140,False,True
218,110601329,128.42000000,0.24787000,31.83146540,1577615242140,False,True
219,110601330,128.42000000,1.00238000,128.72563960,1577615242694,False,True
220,110601331,128.42000000,1.00017000,128.44183140,1577615243241,False,True
221,110601332,128.42000000,1.00203000,128.68069260,1577615243786,False,True
222,110601333,128.38000000,0.98600000,126.58268000,1577615244029,True,True
223,110601334,128.38000000,0.46600000,59.82508000,1577615244129,True,True
224,110601335,128.42000000,1.00015000,128.43926300,1577615244329,False,True
225,110601336,128.38000000,0.39200000,50.32496000,1577615244764,True,True
226,110601337,128.42000000,0.74885000,96.16731700,1577615244869,False,True
227,110601338,128.43000000,0.25263000,32.44527090,1577615244869,False,True
228,110601339,128.38000000,0.17800000,22.85164000,1577615245184,True,True
229,110601340,128.43000000,1.00025000,128.46210750,1577615245428,False,True
230,110601341,128.43000000,1.00089000,128.54430270,1577615245981,False,True
231,110601342,128.43000000,1.00281000,128.79088830,1577615246535,False,True
232,110601343,128.43000000,1.00126000,128.59182180,1577615247083,False,True
233,110601344,128.43000000,1.00136000,128.60466480,1577615247641,False,True
234,110601345,128.38000000,0.17900000,22.98002000,1577615247993,True,True
235,110601346,128.43000000,1.00011000,128.44412730,1577615248195,False,True
236,110601347,128.43000000,0.08753000,11.24147790,1577615248612,False,True
237,110601348,128.43000000,1.00120000,128.58411600,1577615248747,False,True
238,110601349,128.43000000,0.65097000,83.60407710,1577615249303,False,True
239,110601350,128.43000000,0.35223000,45.23689890,1577615249303,False,True
240,110601351,128.43000000,1.00041000,128.48265630,1577615249858,False,True
241,110601352,128.43000000,1.00160000,128.63548800,1577615250402,False,True
242,110601353,128.43000000,1.00295000,128.80886850,1577615250955,False,True
243,110601354,128.43000000,0.37789000,48.53241270,1577615251634,False,True
244,110601355,128.44000000,0.85178000,109.40262320,1577615251634,False,True
245,110601356,128.42000000,2.39754000,307.89208680,1577615252953,False,True
246,110601357,128.42000000,0.53097000,68.18716740,1577615253490,False,True
247,110601358,128.44000000,0.47253000,60.69175320,1577615253490,False,True
248,110601359,128.44000000,7.57130000,972.45777200,1577615253778,False,True
249,110601360,128.45000000,1.98000000,254.33100000,1577615253778,False,True
250,110601361,128.45000000,11.41067000,1465.70056150,1577615253778,False,True
251,110601362,128.45000000,14.71711000,1890.41277950,1577615253778,False,True
252,110601363,128.46000000,15.57389000,2000.62190940,1577615253778,False,True
253,110601364,128.46000000,22.82102000,2931.58822920,1577615253778,False,True
254,110601365,128.47000000,12.18883000,1565.89899010,1577615253778,False,True
255,110601366,128.47000000,17.11690000,2199.00814300,1577615253778,False,True
256,110601367,128.47000000,11.41136000,1466.01741920,1577615253778,False,True
257,110601368,128.47000000,19.08174000,2451.43113780,1577615253778,False,True
258,110601369,128.47000000,36.84829000,4733.89981630,1577615253778,False,True
259,110601370,128.47000000,2.34814000,301.66554580,1577615253778,False,True
260,110601371,128.47000000,20.25316000,2601.92346520,1577615253778,False,True
261,110601372,128.47000000,17.11634000,2198.93619980,1577615253778,False,True
262,110601373,128.47000000,2.18570000,280.79687900,1577615253778,False,True
263,110601374,128.48000000,1.35454000,174.03129920,1577615253778,False,True
264,110601375,128.48000000,15.57593000,2001.19548640,1577615253778,False,True
265,110601376,128.48000000,8.79156000,1129.53962880,1577615253778,False,True
266,110601377,128.48000000,1.55666000,199.99967680,1577615253778,False,True
267,110601378,128.48000000,5.58339000,717.35394720,1577615253778,False,True
268,110601379,128.48000000,18.16382000,2333.68759360,1577615253778,False,True
269,110601380,128.48000000,17.11398000,2198.80415040,1577615253778,False,True
270,110601381,128.49000000,6.00000000,770.94000000,1577615253778,False,True
271,110601382,128.49000000,36.25712000,4658.67734880,1577615253778,False,True
272,110601383,128.49000000,9.34689000,1200.98189610,1577615253778,False,True
273,110601384,128.49000000,9.34689000,1200.98189610,1577615253778,False,True
274,110601385,128.49000000,9.34689000,1200.98189610,1577615253778,False,True
275,110601386,128.49000000,3.90202000,501.37054980,1577615253778,False,True
276,110601387,128.49000000,20.86234000,2680.60206660,1577615253778,False,True
277,110601388,128.50000000,1.06649000,137.04396500,1577615253778,False,True
278,110601389,128.50000000,0.80844000,103.88454000,1577615253778,False,True
279,110601390,128.50000000,0.75161000,96.58188500,1577615253778,False,True
280,110601391,128.50000000,7.88704000,1013.48464000,1577615253778,False,True
281,110601392,128.50000000,15.57996000,2002.02486000,1577615253778,False,True
282,110601393,128.50000000,1127.09382000,144831.55587000,1577615253800,True,True
283,110601394,128.50000000,163.89507000,21060.51649500,1577615253807,True,True
284,110601395,128.41000000,2.09000000,268.37690000,1577615254063,True,True
285,110601396,128.47000000,1.69586000,217.86713420,1577615254560,False,True
286,110601397,128.48000000,0.23221000,29.83434080,1577615254560,False,True
287,110601398,128.47000000,0.08834000,11.34903980,1577615254861,False,True
288,110601399,128.47000000,0.30202000,38.80050940,1577615255115,False,True
289,110601400,128.48000000,0.70013000,89.95270240,1577615255115,False,True
290,110601401,128.48000000,0.50000000,64.24000000,1577615256294,False,True
291,110601402,128.52000000,0.20000000,25.70400000,1577615256294,False,True
292,110601403,128.53000000,0.12110000,15.56498300,1577615256294,False,True
293,110601404,128.53000000,0.76946000,98.89869380,1577615256294,False,True
294,110601405,128.53000000,0.54606000,70.18509180,1577615256294,False,True
295,110601406,128.47000000,0.31062000,39.90535140,1577615256645,True,True
296,110601407,128.47000000,0.19955000,25.63618850,1577615256743,True,True
297,110601408,128.47000000,3.15100000,404.80897000,1577615256836,True,True
298,110601409,128.47000000,1.14941000,147.66470270,1577615256922,False,True
299,110601410,128.47000000,1.00224000,128.75777280,1577615257466,False,True
300,110601411,128.47000000,1.00286000,128.83742420,1577615258009,False,True
301,110601412,128.47000000,1.00072000,128.56249840,1577615258554,False,True
302,110601413,128.47000000,0.17477000,22.45270190,1577615259105,False,True
303,110601414,128.47000000,0.82841000,106.42583270,1577615259105,False,True
304,110601415,128.47000000,1.00042000,128.52395740,1577615259645,False,True
305,110601416,128.46000000,1.26326000,162.27837960,1577615259688,True,True
306,110601417,128.47000000,1.00233000,128.76933510,1577615260198,False,True
307,110601418,128.47000000,1.00224000,128.75777280,1577615260737,False,True
308,110601419,128.47000000,0.09238000,11.86805860,1577615261086,False,True
309,110601420,128.47000000,0.39422000,50.64544340,1577615261283,False,True
310,110601421,128.49000000,0.60654000,77.93432460,1577615261283,False,True
311,110601422,128.46000000,0.32300000,41.49258000,1577615262139,True,True
312,110601423,128.47000000,3.77939000,485.53823330,1577615262207,True,True
313,110601424,128.46000000,0.55061000,70.73136060,1577615262207,True,True
314,110601425,128.46000000,3.84300000,493.67178000,1577615262214,True,True
315,110601426,128.46000000,3.77900000,485.45034000,1577615262229,True,True
316,110601427,128.47000000,3.05306000,392.22661820,1577615262908,False,True
317,110601428,128.45000000,1.05400000,135.38630000,1577615264041,True,True
318,110601429,128.45000000,0.16800000,21.57960000,1577615265311,True,True
319,110601430,128.49000000,0.09182000,11.79795180,1577615267292,False,True
320,110601431,128.49000000,9.79459000,1258.50686910,1577615273005,False,True
321,110601432,128.49000000,0.08755000,11.24929950,1577615273498,False,True
322,110601433,128.46000000,0.22400000,28.77504000,1577615274157,True,True
323,110601434,128.46000000,0.65615000,84.28902900,1577615274384,True,True
324,110601435,128.49000000,0.08634000,11.09382660,1577615281732,False,True
325,110601436,128.46000000,0.13800000,17.72748000,1577615285065,True,True
326,110601437,128.46000000,0.00064000,0.08221440,1577615288793,True,True
327,110601438,128.44000000,0.10000000,12.84400000,1577615288793,True,True
328,110601439,128.43000000,4.89936000,629.22480480,1577615288793,True,True
329,110601440,128.43000000,3.10063000,398.21391090,1577615288812,True,True
330,110601441,128.42000000,0.89937000,115.49709540,1577615288812,True,True
331,110601442,128.42000000,2.00000000,256.84000000,1577615288851,True,True
332,110601443,128.42000000,2.00000000,256.84000000,1577615288856,True,True
333,110601444,128.42000000,2.00000000,256.84000000,1577615288857,True,True
334,110601445,128.42000000,1.10062000,141.34162040,1577615288858,True,True
335,110601446,128.42000000,0.89938000,115.49837960,1577615288858,True,True
336,110601447,128.46000000,0.08903000,11.43679380,1577615290099,False,True
337,110601448,128.44000000,1.49600000,192.14624000,1577615291487,False,True
338,110601449,128.43000000,1.95196000,250.69022280,1577615293314,False,True
339,110601450,128.44000000,6.63600000,852.32784000,1577615293375,False,True
340,110601451,128.45000000,3.59594000,461.89849300,1577615293375,False,True
341,110601452,128.46000000,2.59093000,332.83086780,1577615293375,False,True
342,110601453,128.42000000,0.38000000,48.79960000,1577615297351,False,True
343,110601454,128.42000000,0.00009000,0.01155780,1577615298382,False,True
344,110601455,128.43000000,0.09289000,11.92986270,1577615298382,False,True
345,110601456,128.42000000,1.32093000,169.63383060,1577615305110,False,True
346,110601457,128.43000000,0.09124000,11.71795320,1577615306636,False,True
347,110601458,128.43000000,0.64700000,83.09421000,1577615312339,False,True
348,110601459,128.43000000,0.09301000,11.94527430,1577615312793,False,True
349,110601460,128.41000000,2.83043000,363.45551630,1577615315262,True,True
350,110601461,128.40000000,2.37686000,305.18882400,1577615318061,True,True
351,110601462,128.40000000,0.15574000,19.99701600,1577615318220,True,True
352,110601463,128.43000000,0.08730000,11.21193900,1577615319018,False,True
353,110601464,128.40000000,2.16000000,277.34400000,1577615319331,True,True
354,110601465,128.43000000,0.79865000,102.57061950,1577615319857,False,True
355,110601466,128.43000000,0.10000000,12.84300000,1577615319857,False,True
356,110601467,128.43000000,0.10000000,12.84300000,1577615319857,False,True
357,110601468,128.43000000,0.10000000,12.84300000,1577615319857,False,True
358,110601469,128.43000000,1.20134000,154.28809620,1577615319857,False,True
359,110601470,128.43000000,2.70001000,346.76228430,1577615319857,False,True
360,110601471,128.43000000,0.78500000,100.81755000,1577615322779,False,True
361,110601472,128.42000000,2.83043000,363.48382060,1577615324488,True,True
362,110601473,128.45000000,0.09131000,11.72876950,1577615327479,False,True
363,110601474,128.42000000,0.23399000,30.04899580,1577615328366,True,True
364,110601475,128.43000000,0.08800000,11.30184000,1577615335648,False,True
365,110601476,128.43000000,0.74600000,95.80878000,1577615336784,False,True
366,110601477,128.43000000,1.00000000,128.43000000,1577615342170,False,True
367,110601478,128.45000000,0.08973000,11.52581850,1577615343866,False,True
368,110601479,128.43000000,2.70800000,347.78844000,1577615350384,True,True
369,110601480,128.43000000,1.35100000,173.50893000,1577615351012,True,True
370,110601481,128.44000000,0.09245000,11.87427800,1577615352306,False,True
371,110601482,128.43000000,1.61400000,207.28602000,1577615354174,True,True
372,110601483,128.43000000,1.18000000,151.54740000,1577615354271,True,True
373,110601484,128.43000000,0.14705000,18.88563150,1577615354350,True,True
374,110601485,128.40000000,0.00867000,1.11322800,1577615354350,True,True
375,110601486,128.40000000,0.14700000,18.87480000,1577615354372,True,True
376,110601487,128.40000000,0.15574000,19.99701600,1577615355767,True,True
377,110601488,128.41000000,0.09297000,11.93827770,1577615358299,False,True
378,110601489,128.41000000,0.08754000,11.24101140,1577615366516,False,True
379,110601490,128.40000000,0.10000000,12.84000000,1577615369867,True,True
380,110601491,128.40000000,0.10000000,12.84000000,1577615369867,True,True
381,110601492,128.40000000,0.10000000,12.84000000,1577615369867,True,True
382,110601493,128.35000000,0.24412000,31.33280200,1577615369867,True,True
383,110601494,128.35000000,2.99599000,384.53531650,1577615369867,True,True
384,110601495,128.34000000,11.40768000,1464.06165120,1577615369867,True,True
385,110601496,128.34000000,17.11148000,2196.08734320,1577615369867,True,True
386,110601497,128.34000000,4.73674000,607.91321160,1577615369867,True,True
387,110601498,128.34000000,0.92663000,118.92369420,1577615369867,True,True
388,110601499,128.33000000,18.75678000,2407.05757740,1577615369867,True,True
389,110601500,128.40000000,0.19977000,25.65046800,1577615370079,False,True
390,110601501,128.39000000,1.00000000,128.39000000,1577615370147,False,True
391,110601502,128.40000000,0.54200000,69.59280000,1577615371637,False,True
392,110601503,128.39000000,1.55602000,199.77740780,1577615372662,False,True
393,110601504,128.39000000,0.09212000,11.82728680,1577615372734,False,True
394,110601505,128.37000000,1.00000000,128.37000000,1577615375064,True,True
395,110601506,128.37000000,1.75000000,224.64750000,1577615375064,True,True
396,110601507,128.39000000,0.62700000,80.50053000,1577615376878,False,True
397,110601508,128.40000000,0.08763000,11.25169200,1577615378956,False,True
398,110601509,128.39000000,0.94400000,121.20016000,1577615379938,False,True
399,110601510,128.39000000,1.19100000,152.91249000,1577615382679,False,True
400,110601511,128.41000000,0.38009000,48.80735690,1577615383609,False,True
401,110601512,128.41000000,4.63993000,595.81341130,1577615383609,False,True
402,110601513,128.41000000,0.08943000,11.48370630,1577615385168,False,True
403,110601514,128.41000000,0.08601000,11.04454410,1577615393389,False,True
404,110601515,128.39000000,1.10612000,142.01474680,1577615399415,True,True
405,110601516,128.41000000,0.08779000,11.27311390,1577615399601,False,True
406,110601517,128.41000000,0.88000000,113.00080000,1577615403164,False,True
407,110601518,128.41000000,7.99999000,1027.27871590,1577615404204,False,True
408,110601519,128.41000000,3.07943000,395.42960630,1577615404204,False,True
409,110601520,128.44000000,0.17912000,23.00617280,1577615405200,False,True
410,110601521,128.45000000,0.08721000,11.20212450,1577615405860,False,True
411,110601522,128.44000000,0.17909000,23.00231960,1577615405963,False,True
412,110601523,128.39000000,0.39134000,50.24414260,1577615408063,True,True
413,110601524,128.42000000,1.10578000,142.00426760,1577615411949,True,True
414,110601525,128.46000000,0.09020000,11.58709200,1577615412058,False,True
415,110601526,128.38000000,0.08566000,10.99703080,1577615413086,True,True
416,110601527,128.46000000,0.62900000,80.80134000,1577615416829,False,True
417,110601528,128.44000000,0.08619000,11.07024360,1577615420406,False,True
418,110601529,128.44000000,0.08892000,11.42088480,1577615426469,False,True
419,110601530,128.41000000,0.08566000,10.99960060,1577615427282,True,True
420,110601531,128.39000000,0.78900000,101.29971000,1577615427282,True,True
421,110601532,128.38000000,0.59107000,75.88156660,1577615427282,True,True
422,110601533,128.44000000,0.09107000,11.69703080,1577615432702,False,True
423,110601534,128.39000000,0.37200000,47.76108000,1577615435717,True,True
424,110601535,128.44000000,0.08978000,11.53134320,1577615438916,False,True
425,110601536,128.43000000,0.08687000,11.15671410,1577615447132,False,True
426,110601537,128.43000000,0.09027000,11.59337610,1577615453341,False,True
427,110601538,128.43000000,0.09251000,11.88105930,1577615459559,False,True
428,110601539,128.41000000,1.05656000,135.67286960,1577615463049,False,True
429,110601540,128.41000000,0.14622000,18.77611020,1577615467291,True,True
430,110601541,128.44000000,0.09345000,12.00271800,1577615467777,False,True
431,110601542,128.40000000,0.10395000,13.34718000,1577615468280,False,True
432,110601543,128.44000000,0.09114000,11.70602160,1577615473994,False,True
433,110601544,128.42000000,0.09133000,11.72859860,1577615480212,False,True
434,110601545,128.39000000,0.95387000,122.46736930,1577615483870,True,True
435,110601546,128.39000000,0.09053000,11.62314670,1577615486523,False,True
436,110601547,128.39000000,1.43439000,184.16133210,1577615489241,False,True
437,110601548,128.38000000,10.00000000,1283.80000000,1577615490681,True,True
438,110601549,128.38000000,3.47844000,446.56212720,1577615490681,True,True
439,110601550,128.38000000,0.72034000,92.47724920,1577615490824,False,True
440,110601551,128.36000000,0.68753000,88.25135080,1577615492742,False,True
441,110601552,128.37000000,0.09162000,11.76125940,1577615494634,False,True
442,110601553,128.39000000,0.08571000,11.00430690,1577615500870,False,True
443,110601554,128.40000000,0.09321000,11.96816400,1577615507152,False,True
444,110601555,128.40000000,0.08954000,11.49693600,1577615513501,False,True
445,110601556,128.36000000,0.14973000,19.21934280,1577615519716,True,True
446,110601557,128.40000000,0.08916000,11.44814400,1577615519724,False,True
447,110601558,128.40000000,0.09317000,11.96302800,1577615525942,False,True
448,110601559,128.37000000,1.32269000,169.79371530,1577615528398,True,True
449,110601560,128.39000000,2.58152000,331.44135280,1577615528884,False,True
450,110601561,128.38000000,0.09311000,11.95346180,1577615532159,False,True
451,110601562,128.37000000,0.03992000,5.12453040,1577615537146,True,True
452,110601563,128.37000000,1.90316000,244.30864920,1577615537165,False,True
453,110601564,128.37000000,1.04893000,134.65114410,1577615537265,False,True
454,110601565,128.38000000,0.08614000,11.05865320,1577615540376,False,True
455,110601566,128.35000000,1.35493000,173.90526550,1577615542466,True,True
456,110601567,128.35000000,0.28956000,37.16502600,1577615542782,True,True
457,110601568,128.36000000,1.36261000,174.90461960,1577615545374,True,True
458,110601569,128.38000000,0.02298000,2.95017240,1577615548772,False,True
459,110601570,128.39000000,0.06377000,8.18743030,1577615548772,False,True
460,110601571,128.37000000,2.07074000,265.82089380,1577615554497,True,True
461,110601572,128.38000000,0.19993000,25.66701340,1577615554668,False,True
462,110601573,128.36000000,1.50719000,193.46290840,1577615554711,True,True
463,110601574,128.36000000,0.47689000,61.21360040,1577615554711,True,True
464,110601575,128.38000000,0.08578000,11.01243640,1577615554808,False,True
465,110601576,128.35000000,2.33558000,299.77169300,1577615561794,True,True
466,110601577,128.38000000,0.08656000,11.11257280,1577615563029,False,True
467,110601578,128.38000000,0.51554000,66.18502520,1577615566195,False,True
468,110601579,128.34000000,4.72262000,606.10105080,1577615566738,True,True
469,110601580,128.40000000,0.08902000,11.43016800,1577615569414,False,True
470,110601581,128.40000000,0.09377000,12.04006800,1577615575460,False,True
471,110601582,128.35000000,1.76556000,226.60962600,1577615575751,True,True
472,110601583,128.36000000,2.20078000,282.49212080,1577615575757,False,True
473,110601584,128.34000000,0.96809000,124.24467060,1577615576025,True,True
474,110601585,128.34000000,0.08663000,11.11809420,1577615576437,True,True
475,110601586,128.40000000,0.15535000,19.94694000,1577615580884,False,True
476,110601587,128.40000000,0.20027000,25.71466800,1577615583418,False,True
477,110601588,128.40000000,0.09279000,11.91423600,1577615583673,False,True
478,110601589,128.40000000,0.09260000,11.88984000,1577615591982,False,True
479,110601590,128.37000000,0.56340000,72.32365800,1577615597354,True,True
480,110601591,128.38000000,0.08589000,11.02655820,1577615598107,False,True
481,110601592,128.38000000,0.09206000,11.81866280,1577615604324,False,True
482,110601593,128.38000000,0.09087000,11.66589060,1577615610695,False,True
483,110601594,128.38000000,0.62393000,80.10013340,1577615611106,False,True
484,110601595,128.37000000,0.78641000,100.95145170,1577615611606,True,True
485,110601596,128.38000000,0.09987000,12.82131060,1577615613801,False,True
486,110601597,128.38000000,0.20042000,25.72991960,1577615613902,False,True
487,110601598,128.38000000,1.76421000,226.48927980,1577615616022,False,True
488,110601599,128.39000000,0.09191000,11.80032490,1577615616757,False,True
489,110601600,128.39000000,0.09318000,11.96338020,1577615622973,False,True
490,110601601,128.39000000,0.12129000,15.57242310,1577615624397,False,True
491,110601602,128.39000000,0.07371000,9.46362690,1577615629196,False,True
492,110601603,128.40000000,0.02005000,2.57442000,1577615629196,False,True
493,110601604,128.39000000,2.86980000,368.45362200,1577615632785,True,True
494,110601605,128.40000000,0.47784000,61.35465600,1577615632966,False,True
495,110601606,128.40000000,0.40021000,51.38696400,1577615633812,False,True
496,110601607,128.41000000,0.09008000,11.56717280,1577615635415,False,True
497,110601608,128.42000000,0.09020000,11.58348400,1577615641630,False,True
498,110601609,128.40000000,1.24102000,159.34696800,1577615641748,True,True
499,110601610,128.38000000,0.15925000,20.44451500,1577615643822,True,True
