,id,price,qty,quoteQty,time,isBuyerMaker,isBestMatch
0,110535715,127.15000000,0.39974000,50.82694100,1577533327738,True,True
1,110535716,127.17000000,0.08787000,11.17442790,1577533328586,False,True
2,110535717,127.16000000,0.08791000,11.17863560,1577533330898,False,True
3,110535718,127.15000000,0.19650000,24.98497500,1577533330938,True,True
4,110535719,127.16000000,0.35800000,45.52328000,1577533333294,False,True
5,110535720,127.15000000,0.37672000,47.89994800,1577533336698,True,True
6,110535721,127.16000000,0.08881000,11.29307960,1577533336808,False,True
7,110535722,127.16000000,0.46300000,58.87508000,1577533339429,False,True
8,110535723,127.16000000,1.77800000,226.09048000,1577533339525,False,True
9,110535724,127.16000000,0.08936000,11.36301760,1577533343017,False,True
10,110535725,127.16000000,0.40400000,51.37264000,1577533344951,False,True
11,110535726,127.16000000,0.51195000,65.09956200,1577533347248,False,True
12,110535727,127.16000000,0.09056000,11.51560960,1577533347248,False,True
13,110535728,127.16000000,0.10849000,13.79558840,1577533347248,False,True
14,110535729,127.16000000,0.00016000,0.02034560,1577533351236,False,True
15,110535730,127.17000000,0.09406000,11.96161020,1577533351236,False,True
16,110535731,127.18000000,13.47654000,1713.94635720,1577533351621,False,True
17,110535732,127.18000000,2.00415000,254.88779700,1577533351621,False,True
18,110535733,127.19000000,15.72697000,2000.31331430,1577533351621,False,True
19,110535734,127.19000000,1.01328000,128.87908320,1577533351621,False,True
20,110535735,127.19000000,0.10000000,12.71900000,1577533351621,False,True
21,110535736,127.20000000,0.50679000,64.46368800,1577533351621,False,True
22,110535737,127.20000000,1.48710000,189.15912000,1577533351621,False,True
23,110535738,127.20000000,0.69517000,88.42562400,1577533351621,False,True
24,110535739,127.17000000,1.00000000,127.17000000,1577533351816,False,True
25,110535740,127.17000000,0.77800000,98.93826000,1577533352988,False,True
26,110535741,127.17000000,1.00000000,127.17000000,1577533353822,False,True
27,110535742,127.17000000,1.00000000,127.17000000,1577533354248,False,True
28,110535743,127.17000000,1.00000000,127.17000000,1577533354777,False,True
29,110535744,127.18000000,0.08732000,11.10535760,1577533357865,False,True
30,110535745,127.18000000,0.01675000,2.13026500,1577533359644,False,True
31,110535746,127.18000000,0.10325000,13.13133500,1577533359644,False,True
32,110535747,127.17000000,1.12568000,143.15272560,1577533361531,True,True
33,110535748,127.18000000,0.00069000,0.08775420,1577533363882,False,True
34,110535749,127.19000000,0.08810000,11.20543900,1577533363882,False,True
35,110535750,127.18000000,3.78406000,481.25675080,1577533364176,True,True
36,110535751,127.17000000,1.21594000,154.63108980,1577533364176,True,True
37,110535752,127.19000000,0.09358000,11.90244020,1577533365081,False,True
38,110535753,127.19000000,0.09382000,11.93296580,1577533365081,False,True
39,110535754,127.19000000,0.59658000,75.87901020,1577533365081,False,True
40,110535755,127.20000000,0.09366000,11.91355200,1577533372098,False,True
41,110535756,127.18000000,2.86418000,364.26641240,1577533372514,True,True
42,110535757,127.21000000,0.09362000,11.90940020,1577533378319,False,True
43,110535758,127.19000000,5.00000000,635.95000000,1577533382567,True,True
44,110535759,127.19000000,1.00847000,128.26729930,1577533382775,True,True
45,110535760,127.19000000,1.00172000,127.40876680,1577533383005,True,True
46,110535761,127.19000000,0.15881000,20.19904390,1577533383216,True,True
47,110535762,127.18000000,0.84577000,107.56502860,1577533383216,True,True
48,110535763,127.18000000,1.90213000,241.91289340,1577533385980,False,True
49,110535764,127.20000000,0.35914000,45.68260800,1577533385980,False,True
50,110535765,127.20000000,1.77800000,226.16160000,1577533386127,False,True
51,110535766,127.20000000,0.12400000,15.77280000,1577533386257,False,True
52,110535767,127.19000000,5.00000000,635.95000000,1577533386347,True,True
53,110535768,127.19000000,1.00438000,127.74709220,1577533386528,True,True
54,110535769,127.20000000,0.00013000,0.01653600,1577533386544,False,True
55,110535770,127.21000000,0.07863000,10.00252230,1577533386544,False,True
56,110535771,127.22000000,0.01374000,1.74800280,1577533386544,False,True
57,110535772,127.22000000,0.30200000,38.42044000,1577533390950,False,True
58,110535773,127.22000000,0.11400000,14.50308000,1577533391993,False,True
59,110535774,127.23000000,0.08761000,11.14662030,1577533392748,False,True
60,110535775,127.22000000,0.08836000,11.24115920,1577533400964,False,True
61,110535776,127.19000000,0.90274000,114.81950060,1577533402880,True,True
62,110535777,127.18000000,0.34071000,43.33149780,1577533402880,True,True
63,110535778,127.19000000,1.00000000,127.19000000,1577533408317,True,True
64,110535779,127.19000000,0.84325000,107.25296750,1577533408377,True,True
65,110535780,127.21000000,0.08931000,11.36112510,1577533409176,False,True
66,110535781,127.17000000,0.36189000,46.02155130,1577533410074,True,True
67,110535782,127.20000000,0.08645000,10.99644000,1577533410487,True,True
68,110535783,127.17000000,1.73181000,220.23427770,1577533410487,True,True
69,110535784,127.16000000,3.18174000,404.59005840,1577533410487,True,True
70,110535785,127.20000000,1.00000000,127.20000000,1577533413241,False,True
71,110535786,127.21000000,0.09108000,11.58628680,1577533415395,False,True
72,110535787,127.20000000,1.31887000,167.76026400,1577533415520,True,True
73,110535788,127.20000000,1.31866000,167.73355200,1577533415640,True,True
74,110535789,127.21000000,2.26127000,287.65615670,1577533417300,False,True
75,110535790,127.21000000,0.08714000,11.08507940,1577533423621,False,True
76,110535791,127.21000000,1.77700000,226.05217000,1577533425124,False,True
77,110535792,127.21000000,0.08536000,10.85864560,1577533426186,False,True
78,110535793,127.21000000,0.08464000,10.76705440,1577533426186,False,True
79,110535794,127.21000000,0.00078000,0.09922380,1577533428567,False,True
80,110535795,127.21000000,1.60622000,204.32724620,1577533428567,False,True
81,110535796,127.21000000,1.77700000,226.05217000,1577533428659,False,True
82,110535797,127.21000000,6.84800000,871.13408000,1577533428763,False,True
83,110535798,127.21000000,0.08800000,11.19448000,1577533429843,False,True
84,110535799,127.21000000,4.68078000,595.44202380,1577533432269,True,True
85,110535800,127.22000000,0.28836000,36.68515920,1577533434897,False,True
86,110535801,127.22000000,0.28464000,36.21190080,1577533434897,False,True
87,110535802,127.22000000,1.44518000,183.85579960,1577533435876,False,True
88,110535803,127.22000000,0.08896000,11.31749120,1577533438043,False,True
89,110535804,127.22000000,0.08731000,11.10757820,1577533446266,False,True
90,110535805,127.18000000,3.60692000,458.72808560,1577533448002,True,True
91,110535806,127.18000000,2.06640000,262.80475200,1577533448002,True,True
92,110535807,127.17000000,7.99999000,1017.35872830,1577533448002,True,True
93,110535808,127.17000000,11.88468000,1511.37475560,1577533448002,True,True
94,110535809,127.17000000,1.52678000,194.16061260,1577533448002,True,True
95,110535810,127.16000000,7.89973000,1004.52966680,1577533448002,True,True
96,110535811,127.19000000,0.08736000,11.11131840,1577533452500,True,True
97,110535812,127.18000000,1.84727000,234.93579860,1577533455274,True,True
98,110535813,127.18000000,0.42580000,54.15324400,1577533455415,True,True
99,110535814,127.17000000,0.47916000,60.93477720,1577533455527,True,True
100,110535815,127.21000000,0.37600000,47.83096000,1577533456740,False,True
101,110535816,127.21000000,0.00072000,0.09159120,1577533456927,False,True
102,110535817,127.22000000,7.91780000,1007.30251600,1577533456927,False,True
103,110535818,127.19000000,0.09300000,11.82867000,1577533458692,True,True
104,110535819,127.19000000,13.35892000,1699.12103480,1577533460390,True,True
105,110535820,127.19000000,4.20559000,534.90899210,1577533460390,True,True
106,110535821,127.21000000,2.93402000,373.23668420,1577533462161,True,True
107,110535822,127.23000000,0.78800000,100.25724000,1577533462458,False,True
108,110535823,127.21000000,0.09503000,12.08876630,1577533464911,True,True
109,110535824,127.24000000,0.15718000,19.99958320,1577533469823,False,True
110,110535825,127.23000000,0.09260000,11.78149800,1577533471129,False,True
111,110535826,127.22000000,2.03300000,258.63826000,1577533472440,True,True
112,110535827,127.21000000,0.67077000,85.32865170,1577533472440,True,True
113,110535828,127.21000000,0.29600000,37.65416000,1577533472503,False,True
114,110535829,127.21000000,0.00023000,0.02925830,1577533476034,False,True
115,110535830,127.23000000,0.29146000,37.08245580,1577533478987,False,True
116,110535831,127.23000000,0.09238000,11.75350740,1577533479357,True,True
117,110535832,127.24000000,0.94265000,119.94278600,1577533483773,False,True
118,110535833,127.24000000,0.09399000,11.95928760,1577533485556,True,True
119,110535834,127.25000000,1.63479000,208.02702750,1577533489062,True,True
120,110535835,127.25000000,1.97740000,251.62415000,1577533489073,True,True
121,110535836,127.24000000,3.02260000,384.59562400,1577533489073,True,True
122,110535837,127.25000000,1.15215000,146.61108750,1577533490395,False,True
123,110535838,127.24000000,0.08762000,11.14876880,1577533491775,True,True
124,110535839,127.24000000,0.10154000,12.91994960,1577533494513,True,True
125,110535840,127.24000000,0.09196000,11.70099040,1577533497988,True,True
126,110535841,127.25000000,0.62266000,79.23348500,1577533503047,True,True
127,110535842,127.24000000,4.37734000,556.97274160,1577533503047,True,True
128,110535843,127.24000000,0.08991000,11.44014840,1577533506207,True,True
129,110535844,127.24000000,0.09346000,11.89185040,1577533512426,True,True
130,110535845,127.24000000,6.64754000,845.83298960,1577533512836,True,True
131,110535846,127.24000000,6.74100000,857.72484000,1577533512836,True,True
132,110535847,127.24000000,6.63600000,844.36464000,1577533512836,True,True
133,110535848,127.24000000,0.55200000,70.23648000,1577533512937,False,True
134,110535849,127.23000000,2.15285000,273.90710550,1577533515764,False,True
135,110535850,127.23000000,2.68231000,341.27030130,1577533516315,True,True
136,110535851,127.23000000,0.37671000,47.92881330,1577533516712,False,True
137,110535852,127.24000000,2.38350000,303.27654000,1577533517539,False,True
138,110535853,127.23000000,0.09114000,11.59574220,1577533520641,True,True
139,110535854,127.25000000,2.68188000,341.26923000,1577533524259,True,True
140,110535855,127.24000000,1.96980000,250.63735200,1577533524259,True,True
141,110535856,127.23000000,0.34832000,44.31675360,1577533524259,True,True
142,110535857,127.22000000,0.09127000,11.61136940,1577533526850,True,True
143,110535858,127.26000000,0.08636000,10.99017360,1577533529144,False,True
144,110535859,127.26000000,0.31159000,39.65294340,1577533529144,False,True
145,110535860,127.26000000,0.00205000,0.26088300,1577533529144,False,True
146,110535861,127.24000000,2.01810000,256.78304400,1577533530039,True,True
147,110535862,127.22000000,1.23193000,156.72613460,1577533530039,True,True
148,110535863,127.21000000,1.74997000,222.61368370,1577533530039,True,True
149,110535864,127.21000000,4.00000000,508.84000000,1577533530041,True,True
150,110535865,127.21000000,4.39414000,558.97854940,1577533530058,True,True
151,110535866,127.21000000,12.66960000,1611.69981600,1577533530058,True,True
152,110535867,127.20000000,19.64985000,2499.46092000,1577533530058,True,True
153,110535868,127.19000000,5.57257000,708.77517830,1577533530058,True,True
154,110535869,127.19000000,2.16218000,275.00767420,1577533530058,True,True
155,110535870,127.19000000,1.70447000,216.79153930,1577533530058,True,True
156,110535871,127.19000000,17.20954000,2188.88139260,1577533530058,True,True
157,110535872,127.19000000,0.63765000,81.10270350,1577533530058,True,True
158,110535873,127.19000000,5.90481000,751.03278390,1577533530059,True,True
159,110535874,127.19000000,0.09519000,12.10721610,1577533530059,True,True
160,110535875,127.19000000,16.00000000,2035.04000000,1577533530061,True,True
161,110535876,127.19000000,4.33783000,551.72859770,1577533530064,True,True
162,110535877,127.19000000,3.66217000,465.79140230,1577533530064,True,True
163,110535878,127.19000000,15.98314000,2032.89557660,1577533530065,True,True
164,110535879,127.19000000,1.00000000,127.19000000,1577533530065,True,True
165,110535880,127.17000000,4.89134000,622.03170780,1577533530065,True,True
166,110535881,127.17000000,10.12552000,1287.66237840,1577533530065,True,True
167,110535882,127.17000000,6.00000000,763.02000000,1577533530067,True,True
168,110535883,127.22000000,2.75939000,351.04959580,1577533530070,True,True
169,110535884,127.17000000,1.08205000,137.60429850,1577533530070,True,True
170,110535885,127.17000000,12.15856000,1546.20407520,1577533530070,True,True
171,110535886,127.17000000,2.51957000,320.41371690,1577533530074,True,True
172,110535887,127.16000000,5.48043000,696.89147880,1577533530074,True,True
173,110535888,127.23000000,1.16700000,148.47741000,1577533530223,False,True
174,110535889,127.22000000,0.61000000,77.60420000,1577533531580,False,True
175,110535890,127.22000000,1.72800000,219.83616000,1577533531691,False,True
176,110535891,127.17000000,0.63509000,80.76439530,1577533532142,True,True
177,110535892,127.18000000,2.13717000,271.80528060,1577533533029,True,True
178,110535893,127.17000000,2.08530000,265.18760100,1577533533029,True,True
179,110535894,127.15000000,0.77753000,98.86293950,1577533533029,True,True
180,110535895,127.16000000,0.49223000,62.59196680,1577533534436,True,True
181,110535896,127.15000000,2.14670000,272.95290500,1577533534436,True,True
182,110535897,127.15000000,0.09261000,11.77536150,1577533535078,True,True
183,110535898,127.18000000,0.80518000,102.40279240,1577533539130,False,True
184,110535899,127.18000000,0.03620000,4.60391600,1577533540354,False,True
185,110535900,127.19000000,2.69400000,342.64986000,1577533540354,False,True
186,110535901,127.17000000,0.09019000,11.46946230,1577533541281,True,True
187,110535902,127.18000000,0.84160000,107.03468800,1577533546785,False,True
188,110535903,127.16000000,0.09324000,11.85639840,1577533547501,True,True
189,110535904,127.18000000,0.22600000,28.74268000,1577533549309,False,True
190,110535905,127.16000000,0.30030000,38.18614800,1577533550431,True,True
191,110535906,127.16000000,0.08867000,11.27527720,1577533553708,True,True
192,110535907,127.16000000,1.06760000,135.75601600,1577533558530,True,True
193,110535908,127.15000000,0.09427000,11.98643050,1577533559932,True,True
194,110535909,127.15000000,0.66704000,84.81413600,1577533560284,True,True
195,110535910,127.16000000,0.08831000,11.22949960,1577533566138,True,True
196,110535911,127.16000000,7.88084000,1002.12761440,1577533567904,True,True
197,110535912,127.16000000,1.80182000,229.11943120,1577533568247,True,True
198,110535913,127.15000000,2.19818000,279.49858700,1577533568247,True,True
199,110535914,127.15000000,4.00000000,508.60000000,1577533568270,True,True
200,110535915,127.15000000,8.00000000,1017.20000000,1577533568270,True,True
201,110535916,127.15000000,0.20325000,25.84323750,1577533568271,True,True
202,110535917,127.15000000,4.79675000,609.90676250,1577533568271,True,True
203,110535918,127.15000000,3.84784000,489.25285600,1577533568276,True,True
204,110535919,127.14000000,1.00000000,127.14000000,1577533568276,True,True
205,110535920,127.14000000,0.15216000,19.34562240,1577533568276,True,True
206,110535921,127.14000000,1.80924000,230.02677360,1577533568278,True,True
207,110535922,127.13000000,1.07878000,137.14530140,1577533568278,True,True
208,110535923,127.13000000,1.11198000,141.36601740,1577533568278,True,True
209,110535924,127.15000000,1.07878000,137.16687700,1577533568350,False,True
210,110535925,127.16000000,0.56022000,71.23757520,1577533568350,False,True
211,110535926,127.14000000,1.00000000,127.14000000,1577533569859,True,True
212,110535927,127.11000000,4.00000000,508.44000000,1577533569859,True,True
213,110535928,127.14000000,0.66913000,85.07318820,1577533573009,False,True
214,110535929,127.14000000,0.16478000,20.95012920,1577533573970,False,True
215,110535930,127.14000000,1.73679000,220.81548060,1577533574171,False,True
216,110535931,127.11000000,0.09005000,11.44625550,1577533574393,True,True
217,110535932,127.13000000,2.46389000,313.23433570,1577533579277,True,True
218,110535933,127.12000000,2.53611000,322.39030320,1577533579277,True,True
219,110535934,127.13000000,0.56695000,72.07635350,1577533579458,True,True
220,110535935,127.12000000,0.44042000,55.98619040,1577533579458,True,True
221,110535936,127.12000000,0.09340000,11.87300800,1577533582577,True,True
222,110535937,127.10000000,0.09961000,12.66043100,1577533584653,True,True
223,110535938,127.12000000,1.05106000,133.61074720,1577533586072,True,True
224,110535939,127.11000000,1.92360000,244.50879600,1577533586072,True,True
225,110535940,127.10000000,2.02534000,257.42071400,1577533586072,True,True
226,110535941,127.15000000,0.37671000,47.89867650,1577533586469,False,True
227,110535942,127.15000000,0.14834000,18.86143100,1577533586469,False,True
228,110535943,127.15000000,0.14832000,18.85888800,1577533586469,False,True
229,110535944,127.15000000,0.72877000,92.66310550,1577533586469,False,True
230,110535945,127.13000000,0.09476000,12.04683880,1577533588789,True,True
231,110535946,127.13000000,0.24851000,31.59307630,1577533588829,True,True
232,110535947,127.13000000,1.00000000,127.13000000,1577533589459,True,True
233,110535948,127.11000000,0.41432000,52.66421520,1577533589459,True,True
234,110535949,127.10000000,3.58568000,455.73992800,1577533589459,True,True
235,110535950,127.13000000,1.00000000,127.13000000,1577533589853,True,True
236,110535951,127.10000000,1.29403000,164.47121300,1577533589853,True,True
237,110535952,127.13000000,1.00000000,127.13000000,1577533590324,True,True
238,110535953,127.10000000,1.77123000,225.12333300,1577533590324,True,True
239,110535954,127.14000000,5.20068000,661.21445520,1577533590422,False,True
240,110535955,127.13000000,1.00000000,127.13000000,1577533590716,True,True
241,110535956,127.11000000,1.26090000,160.27299900,1577533590716,True,True
242,110535957,127.13000000,0.76400000,97.12732000,1577533592437,False,True
243,110535958,127.11000000,0.77400000,98.38314000,1577533592797,True,True
244,110535959,127.11000000,1.00000000,127.11000000,1577533592797,True,True
245,110535960,127.10000000,1.05889000,134.58491900,1577533592797,True,True
246,110535961,127.09000000,5.81128000,738.55557520,1577533592797,True,True
247,110535962,127.13000000,1.73000000,219.93490000,1577533593611,False,True
248,110535963,127.09000000,7.88581000,1002.20759290,1577533593959,True,True
249,110535964,127.09000000,1.00000000,127.09000000,1577533593982,True,True
250,110535965,127.09000000,1.38801000,176.40219090,1577533593983,True,True
251,110535966,127.08000000,1.00000000,127.08000000,1577533594004,True,True
252,110535967,127.10000000,0.21997000,27.95818700,1577533594074,False,True
253,110535968,127.07000000,2.21124000,280.98226680,1577533594080,True,True
254,110535969,127.09000000,1.18746000,150.91429140,1577533594316,False,True
255,110535970,127.10000000,5.77954000,734.57953400,1577533594316,False,True
256,110535971,127.08000000,1.00000000,127.08000000,1577533594380,True,True
257,110535972,127.06000000,4.00000000,508.24000000,1577533594380,True,True
258,110535973,127.09000000,0.22794000,28.96889460,1577533594472,True,True
259,110535974,127.05000000,5.00000000,635.25000000,1577533594499,True,True
260,110535975,127.09000000,1.73000000,219.86570000,1577533594561,False,True
261,110535976,127.05000000,1.67367000,212.63977350,1577533594674,True,True
262,110535977,127.08000000,1.00000000,127.08000000,1577533594850,True,True
263,110535978,127.05000000,0.00933000,1.18537650,1577533594850,True,True
264,110535979,127.06000000,0.09453000,12.01098180,1577533595006,True,True
265,110535980,127.06000000,0.63656000,80.88131360,1577533595026,True,True
266,110535981,127.05000000,0.36732000,46.66800600,1577533595026,True,True
267,110535982,127.07000000,1.14812000,145.89160840,1577533595449,False,True
268,110535983,127.07000000,0.16102000,20.46081140,1577533595530,False,True
269,110535984,127.06000000,0.78230000,99.39903800,1577533595531,True,True
270,110535985,127.05000000,1.98717000,252.46994850,1577533595531,True,True
271,110535986,127.07000000,0.97900000,124.40153000,1577533596331,False,True
272,110535987,127.07000000,0.00013000,0.01651910,1577533596367,False,True
273,110535988,127.08000000,0.79900000,101.53692000,1577533596442,False,True
274,110535989,127.06000000,2.97458000,377.95013480,1577533596461,True,True
275,110535990,127.08000000,1.73000000,219.84840000,1577533596549,False,True
276,110535991,127.08000000,1.77800000,225.94824000,1577533597381,False,True
277,110535992,127.08000000,4.25700000,540.97956000,1577533597495,False,True
278,110535993,127.08000000,2.14900000,273.09492000,1577533597592,False,True
279,110535994,127.08000000,2.17600000,276.52608000,1577533597700,False,True
280,110535995,127.08000000,3.11100000,395.34588000,1577533598619,False,True
281,110535996,127.10000000,0.77757000,98.82914700,1577533598626,False,True
282,110535997,127.11000000,0.58900000,74.86779000,1577533598626,False,True
283,110535998,127.05000000,0.09162000,11.64032100,1577533601231,True,True
284,110535999,127.10000000,1.77800000,225.98380000,1577533601567,False,True
285,110536000,127.10000000,1.77800000,225.98380000,1577533601671,False,True
286,110536001,127.10000000,0.24300000,30.88530000,1577533602425,False,True
287,110536002,127.07000000,3.52764000,448.25721480,1577533602540,True,True
288,110536003,127.06000000,1.47236000,187.07806160,1577533602540,True,True
289,110536004,127.09000000,2.81400000,357.63126000,1577533602632,False,True
290,110536005,127.07000000,0.92131000,117.07086170,1577533602730,True,True
291,110536006,127.06000000,0.08611000,10.94113660,1577533602730,True,True
292,110536007,127.07000000,0.21276000,27.03541320,1577533602910,True,True
293,110536008,127.06000000,0.79283000,100.73697980,1577533602910,True,True
294,110536009,127.08000000,0.64400000,81.83952000,1577533604096,False,True
295,110536010,127.08000000,1.77800000,225.94824000,1577533604197,False,True
296,110536011,127.08000000,1.41903000,180.33033240,1577533604215,False,True
297,110536012,127.09000000,0.36400000,46.26076000,1577533604303,False,True
298,110536013,127.09000000,1.57500000,200.16675000,1577533605812,False,True
299,110536014,127.09000000,0.20300000,25.79927000,1577533606205,False,True
300,110536015,127.09000000,0.20300000,25.79927000,1577533606243,False,True
301,110536016,127.09000000,1.32400000,168.26716000,1577533606349,False,True
302,110536017,127.09000000,0.45400000,57.69886000,1577533606659,False,True
303,110536018,127.09000000,1.77800000,225.96602000,1577533607073,False,True
304,110536019,127.09000000,1.77800000,225.96602000,1577533607179,False,True
305,110536020,127.07000000,0.74284000,94.39267880,1577533609135,True,True
306,110536021,127.06000000,4.25716000,540.91474960,1577533609135,True,True
307,110536022,127.06000000,0.09152000,11.62853120,1577533609441,True,True
308,110536023,127.09000000,1.77800000,225.96602000,1577533610264,False,True
309,110536024,127.09000000,0.37800000,48.04002000,1577533610360,False,True
310,110536025,127.09000000,1.77800000,225.96602000,1577533611105,False,True
311,110536026,127.09000000,1.57300000,199.91257000,1577533611220,False,True
312,110536027,127.09000000,0.12762000,16.21922580,1577533611220,False,True
313,110536028,127.09000000,0.07738000,9.83422420,1577533611220,False,True
314,110536029,127.08000000,3.10900000,395.09172000,1577533611747,False,True
315,110536030,127.07000000,5.00000000,635.35000000,1577533611960,True,True
316,110536031,127.07000000,1.00531000,127.74474170,1577533612157,True,True
317,110536032,127.08000000,0.00022000,0.02795760,1577533613134,False,True
318,110536033,127.08000000,0.12578000,15.98412240,1577533613134,False,True
319,110536034,127.08000000,0.00077000,0.09785160,1577533613864,False,True
320,110536035,127.08000000,0.12623000,16.04130840,1577533613864,False,True
321,110536036,127.05000000,0.09207000,11.69749350,1577533615661,True,True
322,110536037,127.06000000,1.62943000,207.03537580,1577533619441,True,True
323,110536038,127.06000000,0.09217000,11.71112020,1577533621868,True,True
324,110536039,127.06000000,0.07871000,10.00089260,1577533624112,True,True
325,110536040,127.06000000,0.14248000,18.10350880,1577533624310,True,True
326,110536041,127.10000000,0.07871000,10.00404100,1577533625456,False,True
327,110536042,127.15000000,0.27900000,35.47485000,1577533625541,False,True
328,110536043,127.12000000,1.21174000,154.03638880,1577533625608,True,True
329,110536044,127.11000000,3.78826000,481.52572860,1577533625608,True,True
330,110536045,127.14000000,1.77100000,225.16494000,1577533626500,False,True
331,110536046,127.14000000,1.73000000,219.95220000,1577533626608,False,True
332,110536047,127.12000000,7.38300000,938.52696000,1577533628077,True,True
333,110536048,127.11000000,1.12880000,143.48176800,1577533628077,True,True
334,110536049,127.11000000,0.09163000,11.64708930,1577533628082,True,True
335,110536050,127.13000000,0.12811000,16.28662430,1577533629396,True,True
336,110536051,127.16000000,0.74074000,94.19249840,1577533629791,False,True
337,110536052,127.13000000,0.94446000,120.06919980,1577533629799,True,True
338,110536053,127.14000000,0.08821000,11.21501940,1577533634365,True,True
339,110536054,127.14000000,0.09629000,12.24231060,1577533634494,True,True
340,110536055,127.14000000,6.00000000,762.84000000,1577533635449,True,True
341,110536056,127.14000000,1.19850000,152.37729000,1577533635479,True,True
342,110536057,127.14000000,4.80150000,610.46271000,1577533635479,True,True
343,110536058,127.14000000,2.58150000,328.21191000,1577533635481,True,True
344,110536059,127.14000000,2.03300000,258.47562000,1577533635481,True,True
345,110536060,127.14000000,1.38550000,176.15247000,1577533635481,True,True
346,110536061,127.14000000,4.00000000,508.56000000,1577533635481,True,True
347,110536062,127.14000000,2.10450000,267.56613000,1577533635492,True,True
348,110536063,127.13000000,2.48814000,316.31723820,1577533635492,True,True
349,110536064,127.10000000,1.36450000,173.42795000,1577533635492,True,True
350,110536065,127.09000000,0.04286000,5.44707740,1577533635492,True,True
351,110536066,127.15000000,0.55300000,70.31395000,1577533635574,False,True
352,110536067,127.14000000,0.37600000,47.80464000,1577533638791,False,True
353,110536068,127.13000000,3.12033000,396.68755290,1577533640485,True,True
354,110536069,127.12000000,1.55632000,197.83939840,1577533640485,True,True
355,110536070,127.12000000,0.32335000,41.10425200,1577533640485,True,True
356,110536071,127.13000000,1.83269000,232.98987970,1577533641569,False,True
357,110536072,127.11000000,0.09253000,11.76148830,1577533642519,True,True
358,110536073,127.14000000,0.00070000,0.08899800,1577533644558,False,True
359,110536074,127.14000000,0.11898000,15.12711720,1577533644558,False,True
360,110536075,127.14000000,0.11832000,15.04320480,1577533644558,False,True
361,110536076,127.12000000,0.09407000,11.95817840,1577533648731,True,True
362,110536077,127.14000000,0.00070000,0.08899800,1577533653262,False,True
363,110536078,127.14000000,0.10330000,13.13356200,1577533653262,False,True
364,110536079,127.13000000,0.08927000,11.34889510,1577533654944,True,True
365,110536080,127.14000000,0.00062000,0.07882680,1577533658650,False,True
366,110536081,127.14000000,0.10338000,13.14373320,1577533658650,False,True
367,110536082,127.13000000,1.54767000,196.75528710,1577533660179,True,True
368,110536083,127.13000000,0.09397000,11.94640610,1577533661158,True,True
369,110536084,127.14000000,0.00057000,0.07246980,1577533663194,False,True
370,110536085,127.16000000,0.19650000,24.98694000,1577533663919,False,True
371,110536086,127.16000000,0.09250000,11.76230000,1577533663919,False,True
372,110536087,127.16000000,0.00086000,0.10935760,1577533664140,False,True
373,110536088,127.18000000,1.55676000,197.98873680,1577533665181,True,True
374,110536089,127.17000000,3.44324000,437.87683080,1577533665181,True,True
375,110536090,127.19000000,0.24225000,30.81177750,1577533666371,True,True
376,110536091,127.19000000,3.54181000,450.48281390,1577533666674,True,True
377,110536092,127.19000000,0.09149000,11.63661310,1577533667376,True,True
378,110536093,127.20000000,1.58993000,202.23909600,1577533667478,True,True
379,110536094,127.19000000,3.41007000,433.72680330,1577533667478,True,True
380,110536095,127.21000000,1.83153000,232.98893130,1577533671078,True,True
381,110536096,127.20000000,1.00000000,127.20000000,1577533671078,True,True
382,110536097,127.20000000,2.16847000,275.82938400,1577533671078,True,True
383,110536098,127.19000000,0.09221000,11.72818990,1577533675587,True,True
384,110536099,127.21000000,2.03300000,258.61793000,1577533683601,True,True
385,110536100,127.21000000,2.96700000,377.43207000,1577533683601,True,True
386,110536101,127.22000000,0.09664000,12.29454080,1577533683740,False,True
387,110536102,127.22000000,0.00336000,0.42745920,1577533683740,False,True
388,110536103,127.21000000,0.08794000,11.18684740,1577533683809,True,True
389,110536104,127.22000000,0.07992000,10.16742240,1577533685429,False,True
390,110536105,127.22000000,0.08343000,10.61396460,1577533685429,False,True
391,110536106,127.25000000,0.13050000,16.60612500,1577533685429,False,True
392,110536107,127.22000000,1.66730000,212.11390600,1577533685492,True,True
393,110536108,127.21000000,3.33270000,423.95276700,1577533685492,True,True
394,110536109,127.21000000,0.59953000,76.26621130,1577533688631,True,True
395,110536110,127.21000000,0.09442000,12.01116820,1577533690012,True,True
396,110536111,127.23000000,3.00000000,381.69000000,1577533691878,False,True
397,110536112,127.20000000,2.91819000,371.19376800,1577533691936,True,True
398,110536113,127.20000000,2.04120000,259.64064000,1577533691936,True,True
399,110536114,127.19000000,10.75114000,1367.43749660,1577533691936,True,True
400,110536115,127.16000000,1.57974000,200.87973840,1577533691936,True,True
401,110536116,127.16000000,3.56369000,453.15882040,1577533691936,True,True
402,110536117,127.15000000,0.47472000,60.36064800,1577533691936,True,True
403,110536118,127.15000000,3.80377000,483.64935550,1577533691936,True,True
404,110536119,127.15000000,18.34110000,2332.07086500,1577533691936,True,True
405,110536120,127.15000000,13.14184000,1670.98495600,1577533691936,True,True
406,110536121,127.14000000,9.08641000,1155.24616740,1577533691936,True,True
407,110536122,127.13000000,0.71928000,91.44206640,1577533691936,True,True
408,110536123,127.13000000,3.59892000,457.53069960,1577533691936,True,True
409,110536124,127.19000000,0.09175000,11.66968250,1577533696243,True,True
410,110536125,127.19000000,0.08725000,11.09732750,1577533702444,True,True
411,110536126,127.18000000,0.08824000,11.22236320,1577533708655,True,True
412,110536127,127.20000000,1.57380000,200.18736000,1577533709273,False,True
413,110536128,127.21000000,0.37671000,47.92127910,1577533709767,False,True
414,110536129,127.24000000,5.00000000,636.20000000,1577533710137,True,True
415,110536130,127.24000000,0.73199000,93.13840760,1577533713381,True,True
416,110536131,127.23000000,0.08717000,11.09063910,1577533714981,True,True
417,110536132,127.23000000,0.08968000,11.40998640,1577533721087,True,True
418,110536133,127.23000000,0.64231000,81.72110130,1577533722134,True,True
419,110536134,127.22000000,0.08756000,11.13938320,1577533727302,True,True
420,110536135,127.22000000,0.91244000,116.08061680,1577533729317,True,True
421,110536136,127.22000000,0.31955000,40.65315100,1577533729317,True,True
422,110536137,127.22000000,0.68045000,86.56684900,1577533731434,True,True
423,110536138,127.21000000,0.44854000,57.05877340,1577533731434,True,True
424,110536139,127.22000000,0.09426000,11.99175720,1577533733568,True,True
425,110536140,127.23000000,1.48378000,188.78132940,1577533734086,False,True
426,110536141,127.23000000,0.46599000,59.28790770,1577533737632,True,True
427,110536142,127.23000000,0.09433000,12.00160590,1577533741733,True,True
428,110536143,127.24000000,0.39500000,50.25980000,1577533743526,False,True
429,110536144,127.21000000,0.95000000,120.84950000,1577533744564,True,True
430,110536145,127.24000000,0.25900000,32.95516000,1577533746370,False,True
431,110536146,127.24000000,1.89300000,240.86532000,1577533746471,False,True
432,110536147,127.22000000,0.08679000,11.04142380,1577533749952,True,True
433,110536148,127.24000000,0.67300000,85.63252000,1577533754145,False,True
434,110536149,127.23000000,0.82739000,105.26882970,1577533754303,False,True
435,110536150,127.24000000,1.99150000,253.39846000,1577533754310,False,True
436,110536151,127.20000000,0.09005000,11.45436000,1577533756166,True,True
437,110536152,127.23000000,0.37600000,47.83848000,1577533756927,False,True
438,110536153,127.22000000,1.39689000,177.71234580,1577533761637,False,True
439,110536154,127.23000000,0.00072000,0.09160560,1577533761920,False,True
440,110536155,127.24000000,0.08800000,11.19712000,1577533762376,True,True
441,110536156,127.25000000,0.95700000,121.77825000,1577533763286,False,True
442,110536157,127.25000000,1.89300000,240.88425000,1577533763397,False,True
443,110536158,127.25000000,1.89300000,240.88425000,1577533764128,False,True
444,110536159,127.25000000,3.52126000,448.08033500,1577533764204,True,True
445,110536160,127.24000000,1.47874000,188.15487760,1577533764204,True,True
446,110536161,127.25000000,1.00100000,127.37725000,1577533764566,True,True
447,110536162,127.25000000,1.00177000,127.47523250,1577533764921,True,True
448,110536163,127.25000000,1.00200000,127.50450000,1577533765298,True,True
449,110536164,127.25000000,1.86904000,237.83534000,1577533767318,True,True
450,110536165,127.24000000,3.13096000,398.38335040,1577533767318,True,True
451,110536166,127.24000000,0.09065000,11.53430600,1577533768807,True,True
452,110536167,127.26000000,3.38764000,431.11106640,1577533774416,False,True
453,110536168,127.23000000,0.09459000,12.03468570,1577533775023,True,True
454,110536169,127.26000000,0.24643000,31.36068180,1577533775975,False,True
455,110536170,127.26000000,3.53757000,450.19115820,1577533775975,False,True
456,110536171,127.26000000,3.51314000,447.08219640,1577533777135,True,True
457,110536172,127.25000000,1.48686000,189.20293500,1577533777135,True,True
458,110536173,127.25000000,1.05000000,133.61250000,1577533780983,True,True
459,110536174,127.24000000,0.09181000,11.68190440,1577533781249,True,True
460,110536175,127.24000000,0.08768000,11.15640320,1577533787450,True,True
461,110536176,127.28000000,1.60405000,204.16348400,1577533787601,False,True
462,110536177,127.26000000,1.78359000,226.97966340,1577533787607,False,True
463,110536178,127.27000000,1.83300000,233.28591000,1577533792616,False,True
464,110536179,127.27000000,1.55464000,197.85903280,1577533793703,False,True
465,110536180,127.25000000,0.08896000,11.32016000,1577533795668,True,True
466,110536181,127.27000000,0.09600000,12.21792000,1577533797935,False,True
467,110536182,127.26000000,1.55464000,197.84348640,1577533800957,False,True
468,110536183,127.24000000,0.08847000,11.25692280,1577533801887,True,True
469,110536184,127.25000000,0.08923000,11.35451750,1577533808098,True,True
470,110536185,127.27000000,0.07860000,10.00342200,1577533808157,False,True
471,110536186,127.28000000,0.17000000,21.63760000,1577533808157,False,True
472,110536187,127.28000000,0.09680000,12.32070400,1577533808157,False,True
473,110536188,127.29000000,5.48043000,697.60393470,1577533808157,False,True
474,110536189,127.30000000,1.57109000,199.99975700,1577533808157,False,True
475,110536190,127.30000000,0.37701000,47.99337300,1577533808157,False,True
476,110536191,127.26000000,1.08597000,138.20054220,1577533809147,True,True
477,110536192,127.26000000,0.78531000,99.93855060,1577533809187,True,True
478,110536193,127.29000000,1.55464000,197.89012560,1577533809924,False,True
479,110536194,127.28000000,4.74400000,603.81632000,1577533810629,False,True
480,110536195,127.28000000,1.61800000,205.93904000,1577533812718,False,True
481,110536196,127.28000000,1.00700000,128.17096000,1577533813027,False,True
482,110536197,127.26000000,0.08712000,11.08689120,1577533814312,True,True
483,110536198,127.27000000,0.23900000,30.41753000,1577533815025,False,True
484,110536199,127.27000000,0.00035000,0.04454450,1577533816230,False,True
485,110536200,127.28000000,0.15680000,19.95750400,1577533816230,False,True
486,110536201,127.27000000,0.37600000,47.85352000,1577533816792,False,True
487,110536202,127.25000000,0.09064000,11.53394000,1577533820525,True,True
488,110536203,127.27000000,0.00071000,0.09036170,1577533828160,False,True
489,110536204,127.27000000,0.08613000,10.96176510,1577533828160,False,True
490,110536205,127.28000000,0.05431000,6.91257680,1577533828160,False,True
491,110536206,127.25000000,0.08885000,11.30616250,1577533828736,True,True
492,110536207,127.28000000,0.92300000,117.47944000,1577533829994,False,True
493,110536208,127.27000000,0.09109000,11.59302430,1577533836954,True,True
494,110536209,127.28000000,0.16974000,21.60450720,1577533843678,False,True
495,110536210,127.26000000,0.09235000,11.75246100,1577533845175,True,True
496,110536211,127.27000000,1.55464000,197.85903280,1577533853124,True,True
497,110536212,127.28000000,0.12700000,16.16456000,1577533853341,False,True
498,110536213,127.26000000,0.08758000,11.14543080,1577533853385,True,True
499,110536214,127.27000000,0.09324000,11.86665480,1577533861606,True,True
