,id,price,qty,quoteQty,time,isBuyerMaker,isBestMatch
0,116765706,203.34000000,0.21527000,43.77300180,1580928035791,False,True
1,116765707,203.34000000,0.00006000,0.01220040,1580928036016,False,True
2,116765708,203.34000000,1.69194000,344.03907960,1580928036016,False,True
3,116765709,203.33000000,0.05156000,10.48369480,1580928036834,True,True
4,116765710,203.33000000,0.25418000,51.68241940,1580928036834,True,True
5,116765711,203.35000000,0.05856000,11.90817600,1580928036914,False,True
6,116765712,203.34000000,3.44705000,700.92314700,1580928037925,False,True
7,116765713,203.35000000,6.36295000,1293.90588250,1580928037925,False,True
8,116765714,203.34000000,1.18000000,239.94120000,1580928038047,True,True
9,116765715,203.33000000,1.49500000,303.97835000,1580928038149,True,True
10,116765716,203.34000000,0.29998000,60.99793320,1580928038945,False,True
11,116765717,203.33000000,0.00082000,0.16673060,1580928040942,True,True
12,116765718,203.33000000,0.05156000,10.48369480,1580928040942,True,True
13,116765719,203.32000000,1.25415000,254.99377800,1580928041067,False,True
14,116765720,203.32000000,0.07300000,14.84236000,1580928041294,True,True
15,116765721,203.32000000,0.18700000,38.02084000,1580928041408,True,True
16,116765722,203.33000000,0.29998000,60.99493340,1580928042973,False,True
17,116765723,203.32000000,0.00036000,0.07319520,1580928043644,True,True
18,116765724,203.31000000,0.34430000,69.99963300,1580928043644,True,True
19,116765725,203.31000000,14.88233000,3025.72651230,1580928043644,True,True
20,116765726,203.30000000,3.34558000,680.15641400,1580928043644,True,True
21,116765727,203.30000000,0.59323000,120.60365900,1580928043644,True,True
22,116765728,203.29000000,1.61656000,328.63048240,1580928043644,True,True
23,116765729,203.28000000,9.21764000,1873.76185920,1580928043644,True,True
24,116765730,203.30000000,0.85584000,173.99227200,1580928043827,False,True
25,116765731,203.29000000,1.63518000,332.41574220,1580928043915,False,True
26,116765732,203.30000000,0.75443000,153.37561900,1580928043915,False,True
27,116765733,203.30000000,0.17802000,36.19146600,1580928043915,False,True
28,116765734,203.30000000,0.85584000,173.99227200,1580928043979,False,True
29,116765735,203.29000000,0.07336000,14.91335440,1580928044612,False,True
30,116765736,203.29000000,0.18700000,38.01523000,1580928044703,False,True
31,116765737,203.30000000,0.30002000,60.99406600,1580928044986,False,True
32,116765738,203.30000000,0.05510000,11.20183000,1580928045111,False,True
33,116765739,203.30000000,0.29997000,60.98390100,1580928045987,False,True
34,116765740,203.30000000,9.34491000,1899.82020300,1580928046164,False,True
35,116765741,203.31000000,3.36161000,683.44892910,1580928046164,False,True
36,116765742,203.31000000,1.28078000,260.39538180,1580928046164,False,True
37,116765743,203.33000000,0.32293000,65.66135690,1580928046164,False,True
38,116765744,203.33000000,10.00000000,2033.30000000,1580928046164,False,True
39,116765745,203.35000000,10.00000000,2033.50000000,1580928046164,False,True
40,116765746,203.35000000,0.86283000,175.45648050,1580928046164,False,True
41,116765747,203.36000000,3.71821000,756.13518560,1580928046164,False,True
42,116765748,203.39000000,0.92395000,187.92219050,1580928046164,False,True
43,116765749,203.39000000,1.96000000,398.64440000,1580928046164,False,True
44,116765750,203.39000000,12.29459000,2500.59666010,1580928046164,False,True
45,116765751,203.40000000,8.04479000,1636.31028600,1580928046164,False,True
46,116765752,203.40000000,6.07544000,1235.74449600,1580928046164,False,True
47,116765753,203.41000000,0.90381000,183.84399210,1580928046164,False,True
48,116765754,203.41000000,0.90381000,183.84399210,1580928046164,False,True
49,116765755,203.41000000,0.90381000,183.84399210,1580928046164,False,True
50,116765756,203.41000000,0.90381000,183.84399210,1580928046164,False,True
51,116765757,203.41000000,0.90381000,183.84399210,1580928046164,False,True
52,116765758,203.41000000,0.90381000,183.84399210,1580928046164,False,True
53,116765759,203.41000000,0.90381000,183.84399210,1580928046164,False,True
54,116765760,203.41000000,0.90381000,183.84399210,1580928046164,False,True
55,116765761,203.41000000,0.90381000,183.84399210,1580928046164,False,True
56,116765762,203.41000000,0.90381000,183.84399210,1580928046164,False,True
57,116765763,203.42000000,9.49276000,1931.01723920,1580928046164,False,True
58,116765764,203.42000000,13.27910000,2701.23452200,1580928046164,False,True
59,116765765,203.33000000,1.00000000,203.33000000,1580928046383,True,True
60,116765766,203.33000000,0.36500000,74.21545000,1580928046502,True,True
61,116765767,203.34000000,1.63465000,332.38973100,1580928046595,True,True
62,116765768,203.33000000,0.06035000,12.27096550,1580928046595,True,True
63,116765769,203.35000000,2.30500000,468.72175000,1580928046694,True,True
64,116765770,203.34000000,0.44200000,89.87628000,1580928046806,True,True
65,116765771,203.33000000,3.38500000,688.27205000,1580928047121,True,True
66,116765772,203.37000000,1.68700000,343.08519000,1580928047645,True,True
67,116765773,203.37000000,9.83000000,1999.12710000,1580928048074,True,True
68,116765774,203.33000000,0.00006000,0.01219980,1580928048175,True,True
69,116765775,203.33000000,10.78594000,2193.10518020,1580928048175,True,True
70,116765776,203.32000000,0.74416000,151.30261120,1580928048279,True,True
71,116765777,203.31000000,0.32684000,66.44984040,1580928048279,True,True
72,116765778,203.37000000,9.83018000,1999.16370660,1580928048380,True,True
73,116765779,203.31000000,9.16558000,1863.45406980,1580928048380,True,True
74,116765780,203.30000000,7.99999000,1626.39796700,1580928048380,True,True
75,116765781,203.30000000,1.98000000,402.53400000,1580928048380,True,True
76,116765782,203.29000000,10.78600000,2192.68594000,1580928048380,True,True
77,116765783,203.28000000,1.44500000,293.73960000,1580928048380,True,True
78,116765784,203.28000000,0.05156000,10.48111680,1580928048380,True,True
79,116765785,203.27000000,0.10332000,21.00185640,1580928048380,True,True
80,116765786,203.27000000,9.83816000,1999.80278320,1580928048380,True,True
81,116765787,203.27000000,7.99999000,1626.15796730,1580928048380,True,True
82,116765788,203.26000000,7.86483000,1598.60534580,1580928048380,True,True
83,116765789,203.25000000,9.49025000,1928.89331250,1580928048380,True,True
84,116765790,203.25000000,57.27284000,11640.70473000,1580928048392,False,True
85,116765791,203.30000000,0.69800000,141.90340000,1580928049341,True,True
86,116765792,203.32000000,0.05156000,10.48317920,1580928049439,True,True
87,116765793,203.32000000,0.38944000,79.18094080,1580928049439,True,True
88,116765794,203.32000000,1.36000000,276.51520000,1580928049540,True,True
89,116765795,203.32000000,0.00056000,0.11385920,1580928049757,True,True
90,116765796,203.32000000,1.49444000,303.84954080,1580928049757,True,True
91,116765797,203.33000000,0.30005000,61.00916650,1580928051029,False,True
92,116765798,203.30000000,0.97800000,198.82740000,1580928051034,True,True
93,116765799,203.30000000,0.77200000,156.94760000,1580928051147,True,True
94,116765800,203.30000000,0.05100000,10.36830000,1580928051147,True,True
95,116765801,203.32000000,3.45900000,703.28388000,1580928052611,True,True
96,116765802,203.31000000,0.09955000,20.23951050,1580928052762,False,True
97,116765803,203.31000000,0.37400000,76.03794000,1580928052925,True,True
98,116765804,203.34000000,0.29480000,59.94463200,1580928052948,False,True
99,116765805,203.36000000,0.29480000,59.95052800,1580928053149,False,True
100,116765806,203.35000000,1.55000000,315.19250000,1580928053247,True,True
101,116765807,203.35000000,0.05788000,11.76989800,1580928053362,False,True
102,116765808,203.32000000,19.66000000,3997.27120000,1580928053566,True,True
103,116765809,203.30000000,0.00056000,0.11384800,1580928053676,True,True
104,116765810,203.29000000,1.15985000,235.78590650,1580928053676,True,True
105,116765811,203.26000000,0.56759000,115.36834340,1580928053676,True,True
106,116765812,203.32000000,3.12700000,635.78164000,1580928053876,True,True
107,116765813,203.32000000,4.00000000,813.28000000,1580928054208,True,True
108,116765814,203.32000000,8.55144000,1738.67878080,1580928054478,True,True
109,116765815,203.28000000,0.47200000,95.94816000,1580928054535,True,True
110,116765816,203.32000000,3.66300000,744.76116000,1580928054840,True,True
111,116765817,203.36000000,0.29985000,60.97749600,1580928055005,False,True
112,116765818,203.35000000,0.33700000,68.52895000,1580928055265,True,True
113,116765819,203.35000000,0.54700000,111.23245000,1580928055581,True,True
114,116765820,203.38000000,0.47700000,97.01226000,1580928056197,True,True
115,116765821,203.37000000,2.45700000,499.68009000,1580928056615,True,True
116,116765822,203.37000000,1.54300000,313.79991000,1580928056714,True,True
117,116765823,203.37000000,1.36800000,278.21016000,1580928056808,True,True
118,116765824,203.37000000,0.00071000,0.14439270,1580928056914,True,True
119,116765825,203.37000000,2.45729000,499.73906730,1580928056914,True,True
120,116765826,203.40000000,0.29979000,60.97728600,1580928057035,False,True
121,116765827,203.36000000,0.17400000,35.38464000,1580928057053,True,True
122,116765828,203.36000000,0.62504000,127.10813440,1580928057147,True,True
123,116765829,203.36000000,2.45696000,499.64738560,1580928057147,True,True
124,116765830,203.37000000,0.35000000,71.17950000,1580928057549,True,True
125,116765831,203.36000000,0.47500000,96.59600000,1580928057873,True,True
126,116765832,203.38000000,0.29991000,60.99569580,1580928058022,False,True
127,116765833,203.33000000,0.31000000,63.03230000,1580928058186,True,True
128,116765834,203.35000000,0.06000000,12.20100000,1580928060454,True,True
129,116765835,203.34000000,1.30234000,264.81781560,1580928060454,True,True
130,116765836,203.33000000,0.00063000,0.12809790,1580928060454,True,True
131,116765837,203.32000000,0.04555000,9.26122600,1580928060454,True,True
132,116765838,203.35000000,0.25116000,51.07338600,1580928061474,True,True
133,116765839,203.39000000,0.05433000,11.05017870,1580928061499,False,True
134,116765840,203.39000000,0.36735000,74.71531650,1580928061990,False,True
135,116765841,203.40000000,0.29988000,60.99559200,1580928063059,False,True
136,116765842,203.36000000,0.30005000,61.01816800,1580928063442,True,True
137,116765843,203.35000000,1.24373000,252.91249550,1580928063442,True,True
138,116765844,203.34000000,4.37803000,890.22862020,1580928063442,True,True
139,116765845,203.38000000,1.56607000,318.50731660,1580928063682,False,True
140,116765846,203.38000000,1.83580000,373.36500400,1580928064727,False,True
141,116765847,203.39000000,0.44958000,91.44007620,1580928064824,False,True
142,116765848,203.35000000,0.30000000,61.00500000,1580928066457,True,True
143,116765849,203.39000000,0.29994000,61.00479660,1580928067046,False,True
144,116765850,203.35000000,0.50000000,101.67500000,1580928067168,True,True
145,116765851,203.35000000,0.56695000,115.28928250,1580928067700,True,True
146,116765852,203.34000000,4.42805000,900.39968700,1580928067700,True,True
147,116765853,203.37000000,3.28945000,668.97544650,1580928068299,False,True
148,116765854,203.40000000,0.29988000,60.99559200,1580928069091,False,True
149,116765855,203.35000000,0.30000000,61.00500000,1580928069465,True,True
150,116765856,203.38000000,0.05912000,12.02382560,1580928069757,False,True
151,116765857,203.35000000,0.11171000,22.71622850,1580928072457,True,True
152,116765858,203.34000000,0.18829000,38.28688860,1580928072457,True,True
153,116765859,203.37000000,1.63453000,332.41436610,1580928072542,False,True
154,116765860,203.36000000,2.65434000,539.78658240,1580928073171,False,True
155,116765861,203.36000000,0.41960000,85.32985600,1580928073267,False,True
156,116765862,203.36000000,0.47712000,97.02712320,1580928073267,False,True
157,116765863,203.32000000,0.00601000,1.22195320,1580928074049,True,True
158,116765864,203.32000000,14.74527000,2998.00829640,1580928074049,True,True
159,116765865,203.32000000,3.24872000,660.52975040,1580928074049,True,True
160,116765866,203.29000000,0.05156000,10.48163240,1580928074474,True,True
161,116765867,203.27000000,3.46792000,704.92409840,1580928075033,True,True
162,116765868,203.27000000,9.83767000,1999.70318090,1580928075033,True,True
163,116765869,203.28000000,0.30004000,60.99213120,1580928075088,False,True
164,116765870,203.27000000,0.12600000,25.61202000,1580928075169,False,True
165,116765871,203.26000000,1.63542000,332.41546920,1580928075279,False,True
166,116765872,203.25000000,6.40000000,1300.80000000,1580928076017,True,True
167,116765873,203.25000000,0.05156000,10.47957000,1580928076017,True,True
168,116765874,203.25000000,3.27364000,665.36733000,1580928076017,True,True
169,116765875,203.27000000,0.78284000,159.12788680,1580928076169,False,True
170,116765876,203.24000000,0.10333000,21.00078920,1580928077018,True,True
171,116765877,203.27000000,0.05703000,11.59248810,1580928077951,False,True
172,116765878,203.23000000,0.10450000,21.23753500,1580928078029,True,True
173,116765879,203.23000000,2.05712000,418.06849760,1580928078029,True,True
174,116765880,203.27000000,15.00000000,3049.05000000,1580928078246,False,True
175,116765881,203.26000000,0.41171000,83.68417460,1580928078940,False,True
176,116765882,203.26000000,0.44383000,90.21288580,1580928078940,False,True
177,116765883,203.22000000,14.40000000,2926.36800000,1580928079022,True,True
178,116765884,203.22000000,0.05156000,10.47802320,1580928079022,True,True
179,116765885,203.22000000,0.32530000,66.10746600,1580928079022,True,True
180,116765886,203.25000000,0.99899000,203.04471750,1580928079754,False,True
181,116765887,203.21000000,0.35982000,73.11902220,1580928080019,True,True
182,116765888,203.21000000,0.31687000,64.39115270,1580928080019,True,True
183,116765889,203.23000000,0.14088000,28.63104240,1580928080858,False,True
184,116765890,203.21000000,0.18700000,38.00027000,1580928081084,True,True
185,116765891,203.21000000,0.05156000,10.47750760,1580928081084,True,True
186,116765892,203.21000000,0.14088000,28.62822480,1580928081084,True,True
187,116765893,203.21000000,0.14088000,28.62822480,1580928081570,False,True
188,116765894,203.22000000,4.59162000,933.10901640,1580928081570,False,True
189,116765895,203.20000000,20.61786000,4189.54915200,1580928082142,True,True
190,116765896,203.20000000,0.44984000,91.40748800,1580928082142,True,True
191,116765897,203.21000000,0.15000000,30.48150000,1580928082308,False,True
192,116765898,203.19000000,0.29100000,59.12829000,1580928082629,True,True
193,116765899,203.18000000,0.05156000,10.47596080,1580928082629,True,True
194,116765900,203.18000000,1.22198000,248.28189640,1580928082629,True,True
195,116765901,203.19000000,0.05156000,10.47647640,1580928083405,True,True
196,116765902,203.19000000,0.56900000,115.61511000,1580928083477,False,True
197,116765903,203.18000000,0.26500000,53.84270000,1580928083634,False,True
198,116765904,203.18000000,0.05199000,10.56332820,1580928084450,False,True
199,116765905,203.18000000,7.99901000,1625.23885180,1580928084450,False,True
200,116765906,203.18000000,0.14700000,29.86746000,1580928084755,False,True
201,116765907,203.18000000,0.26500000,53.84270000,1580928085969,False,True
202,116765908,203.18000000,0.05694000,11.56906920,1580928086126,False,True
203,116765909,203.17000000,0.13500000,27.42795000,1580928086148,True,True
204,116765910,203.14000000,0.50000000,101.57000000,1580928086187,True,True
205,116765911,203.13000000,0.05630000,11.43621900,1580928086187,True,True
206,116765912,203.13000000,0.26464000,53.75632320,1580928086187,True,True
207,116765913,203.16000000,1.00000000,203.16000000,1580928086232,False,True
208,116765914,203.16000000,0.08200000,16.65912000,1580928086337,False,True
209,116765915,203.15000000,2.24742000,456.56337300,1580928086490,False,True
210,116765916,203.15000000,1.03258000,209.76862700,1580928086575,False,True
211,116765917,203.18000000,1.28140000,260.35485200,1580928089960,False,True
212,116765918,203.15000000,0.31670000,64.33760500,1580928090138,True,True
213,116765919,203.14000000,0.05156000,10.47389840,1580928090138,True,True
214,116765920,203.14000000,1.26774000,257.52870360,1580928090138,True,True
215,116765921,203.16000000,0.05569000,11.31398040,1580928094306,False,True
216,116765922,203.16000000,0.16780000,34.09024800,1580928094499,False,True
217,116765923,203.16000000,0.06800000,13.81488000,1580928095602,True,True
218,116765924,203.18000000,0.09321000,18.93840780,1580928095936,False,True
219,116765925,203.18000000,0.35982000,73.10822760,1580928095936,False,True
220,116765926,203.18000000,1.65600000,336.46608000,1580928096127,True,True
221,116765927,203.18000000,0.00097000,0.19708460,1580928096483,True,True
222,116765928,203.17000000,0.31620000,64.24235400,1580928096483,True,True
223,116765929,203.16000000,0.00092000,0.18690720,1580928096483,True,True
224,116765930,203.16000000,0.16442000,33.40356720,1580928096483,True,True
225,116765931,203.16000000,1.38300000,280.97028000,1580928096556,True,True
226,116765932,203.16000000,13.19785000,2681.27520600,1580928096664,True,True
227,116765933,203.16000000,0.49015000,99.57887400,1580928096664,True,True
228,116765934,203.17000000,0.30573000,62.11516410,1580928096866,False,True
229,116765935,203.18000000,0.31620000,64.24551600,1580928096866,False,True
230,116765936,203.19000000,3.49607000,710.36646330,1580928096866,False,True
231,116765937,203.20000000,0.95725000,194.51320000,1580928096866,False,True
232,116765938,203.21000000,2.28335000,463.99955350,1580928096866,False,True
233,116765939,203.15000000,0.05165000,10.49269750,1580928096975,True,True
234,116765940,203.15000000,0.51535000,104.69335250,1580928096975,True,True
235,116765941,203.20000000,0.07381000,14.99819200,1580928097973,False,True
236,116765942,203.20000000,0.19650000,39.92880000,1580928098811,False,True
237,116765943,203.19000000,0.63000000,128.00970000,1580928098986,False,True
238,116765944,203.18000000,0.10937000,22.22179660,1580928099092,False,True
239,116765945,203.18000000,2.11000000,428.70980000,1580928099133,False,True
240,116765946,203.18000000,1.60488000,326.07951840,1580928099286,False,True
241,116765947,203.18000000,2.40732000,489.11927760,1580928099286,False,True
242,116765948,203.18000000,1.52455000,309.75806900,1580928099288,False,True
243,116765949,203.18000000,9.14988000,1859.07261840,1580928099336,False,True
244,116765950,203.18000000,1.60500000,326.10390000,1580928099336,False,True
245,116765951,203.18000000,1.46500000,297.65870000,1580928099390,True,True
246,116765952,203.18000000,0.00012000,0.02438160,1580928099497,True,True
247,116765953,203.18000000,0.43988000,89.37481840,1580928099497,True,True
248,116765954,203.18000000,0.30000000,60.95400000,1580928099522,True,True
249,116765955,203.19000000,1.14000000,231.63660000,1580928099911,True,True
250,116765956,203.21000000,1.96500000,399.30765000,1580928100525,False,True
251,116765957,203.21000000,0.56900000,115.62649000,1580928100639,False,True
252,116765958,203.21000000,0.05450000,11.07494500,1580928101090,False,True
253,116765959,203.23000000,1.00000000,203.23000000,1580928102165,True,True
254,116765960,203.22000000,0.31704000,64.42886880,1580928102226,True,True
255,116765961,203.22000000,2.68296000,545.23113120,1580928102226,True,True
256,116765962,203.21000000,2.00000000,406.42000000,1580928102283,True,True
257,116765963,203.21000000,0.05550000,11.27815500,1580928102404,True,True
258,116765964,203.19000000,2.00000000,406.38000000,1580928102422,True,True
259,116765965,203.19000000,0.11000000,22.35090000,1580928102465,True,True
260,116765966,203.19000000,1.39000000,282.43410000,1580928102504,False,True
261,116765967,203.18000000,1.38012000,280.41278160,1580928102516,True,True
262,116765968,203.18000000,1.61988000,329.12721840,1580928102516,True,True
263,116765969,203.18000000,0.15512000,31.51728160,1580928102523,True,True
264,116765970,203.18000000,0.05165000,10.49424700,1580928102523,True,True
265,116765971,203.10000000,0.09323000,18.93501300,1580928102523,True,True
266,116765972,203.19000000,0.05540000,11.25672600,1580928102523,False,True
267,116765973,203.18000000,1.63598000,332.39841640,1580928104026,True,True
268,116765974,203.16000000,1.61600000,328.30656000,1580928104317,True,True
269,116765975,203.16000000,1.00000000,203.16000000,1580928104513,True,True
270,116765976,203.15000000,4.00000000,812.60000000,1580928104560,True,True
271,116765977,203.15000000,0.26600000,54.03790000,1580928104850,True,True
272,116765978,203.15000000,0.09500000,19.29925000,1580928104858,True,True
273,116765979,203.15000000,0.05165000,10.49269750,1580928104858,True,True
274,116765980,203.10000000,0.05419000,11.00598900,1580928105305,False,True
275,116765981,203.08000000,0.14800000,30.05584000,1580928105835,True,True
276,116765982,203.08000000,0.05165000,10.48908200,1580928105835,True,True
277,116765983,203.06000000,0.28611000,58.09749660,1580928105992,True,True
278,116765984,203.06000000,3.48122000,706.89653320,1580928105992,True,True
279,116765985,203.06000000,3.48122000,706.89653320,1580928105992,True,True
280,116765986,203.06000000,3.48122000,706.89653320,1580928105992,True,True
281,116765987,203.06000000,1.97382000,400.80388920,1580928105992,True,True
282,116765988,203.08000000,0.05253000,10.66779240,1580928106027,False,True
283,116765989,203.05000000,0.41899000,85.07591950,1580928107069,False,True
284,116765990,203.05000000,0.47273000,95.98782650,1580928108839,True,True
285,116765991,203.04000000,0.18850000,38.27304000,1580928109271,True,True
286,116765992,203.04000000,2.43864000,495.14146560,1580928109271,True,True
287,116765993,203.04000000,2.25200000,457.24608000,1580928109742,True,True
288,116765994,203.04000000,0.23400000,47.51136000,1580928109852,True,True
289,116765995,203.05000000,1.63707000,332.40706350,1580928110170,False,True
290,116765996,203.05000000,0.14777000,30.00469850,1580928110379,True,True
291,116765997,203.05000000,0.33516000,68.05423800,1580928110469,True,True
292,116765998,203.05000000,1.66484000,338.04576200,1580928110469,True,True
293,116765999,203.06000000,0.05419000,11.00382140,1580928110486,False,True
294,116766000,203.06000000,0.05472000,11.11144320,1580928110759,False,True
295,116766001,203.05000000,0.45516000,92.42023800,1580928111246,True,True
296,116766002,203.04000000,0.00049000,0.09948960,1580928111336,True,True
297,116766003,203.02000000,0.10450000,21.21559000,1580928111363,True,True
298,116766004,203.00000000,0.17403000,35.32809000,1580928111541,True,True
299,116766005,203.00000000,0.12597000,25.57191000,1580928111541,True,True
300,116766006,203.00000000,0.07403000,15.02809000,1580928111541,True,True
301,116766007,203.00000000,0.31061000,63.05383000,1580928111541,True,True
302,116766008,203.00000000,5.00000000,1015.00000000,1580928111541,True,True
303,116766009,203.00000000,5.49505000,1115.49515000,1580928111541,True,True
304,116766010,203.00000000,0.97537000,198.00011000,1580928111541,True,True
305,116766011,203.00000000,0.25123000,50.99969000,1580928111541,True,True
306,116766012,203.00000000,0.05398000,10.95794000,1580928111541,True,True
307,116766013,203.00000000,0.69393000,140.86779000,1580928111541,True,True
308,116766014,203.00000000,0.52475000,106.52425000,1580928111541,True,True
309,116766015,203.00000000,0.61298000,124.43494000,1580928111541,True,True
310,116766016,202.99000000,0.29400000,59.67906000,1580928111541,True,True
311,116766017,202.98000000,1.77885000,361.07097300,1580928111541,True,True
312,116766018,202.98000000,3.11967000,633.23061660,1580928111541,True,True
313,116766019,203.02000000,0.31704000,64.36546080,1580928111602,False,True
314,116766020,203.02000000,2.14111000,434.68815220,1580928111602,False,True
315,116766021,203.01000000,0.10819000,21.96365190,1580928112969,False,True
316,116766022,203.04000000,1.00410000,203.87246400,1580928113990,False,True
317,116766023,203.01000000,0.30000000,60.90300000,1580928114539,True,True
318,116766024,203.00000000,0.24742000,50.22626000,1580928115474,False,True
319,116766025,202.99000000,0.09403000,19.08714970,1580928116747,True,True
320,116766026,202.99000000,0.22652000,45.98129480,1580928116873,True,True
321,116766027,202.98000000,4.27664000,868.07238720,1580928116873,True,True
322,116766028,202.98000000,2.75540000,559.29109200,1580928116873,True,True
323,116766029,202.99000000,1.63759000,332.41439410,1580928117253,False,True
324,116766030,203.00000000,0.16481000,33.45643000,1580928117253,False,True
325,116766031,202.98000000,0.30000000,60.89400000,1580928117550,True,True
326,116766032,203.00000000,0.77619000,157.56657000,1580928117875,False,True
327,116766033,203.00000000,49.22381000,9992.43343000,1580928117890,False,True
328,116766034,203.02000000,0.37313000,75.75285260,1580928118615,False,True
329,116766035,203.10000000,0.11687000,23.73629700,1580928118615,False,True
330,116766036,203.08000000,0.05603000,11.37857240,1580928118898,False,True
331,116766037,203.03000000,0.88700000,180.08761000,1580928119315,True,True
332,116766038,203.09000000,0.38049000,77.27371410,1580928119598,False,True
333,116766039,203.04000000,0.08500000,17.25840000,1580928120052,True,True
334,116766040,203.04000000,0.47152000,95.73742080,1580928120060,True,True
335,116766041,203.03000000,10.00000000,2030.30000000,1580928120060,True,True
336,116766042,203.02000000,2.46148000,499.72966960,1580928120060,True,True
337,116766043,203.01000000,12.31187000,2499.43272870,1580928120060,True,True
338,116766044,203.00000000,5.00000000,1015.00000000,1580928120114,False,True
339,116766045,203.00000000,35.47932000,7202.30196000,1580928120213,False,True
340,116766046,203.01000000,0.30000000,60.90300000,1580928120551,True,True
341,116766047,203.08000000,2.12000000,430.52960000,1580928120761,False,True
342,116766048,203.08000000,2.12000000,430.52960000,1580928120788,False,True
343,116766049,203.06000000,0.37287000,75.71498220,1580928121110,False,True
344,116766050,203.04000000,8.16416000,1657.65104640,1580928122098,True,True
345,116766051,203.01000000,0.91345000,185.43948450,1580928122606,True,True
346,116766052,203.01000000,1.54234000,313.11044340,1580928122606,True,True
347,116766053,203.05000000,0.91000000,184.77550000,1580928122877,False,True
348,116766054,203.01000000,2.46172000,499.75377720,1580928122985,True,True
349,116766055,203.00000000,0.31743000,64.43829000,1580928122985,True,True
350,116766056,203.00000000,0.38072000,77.28616000,1580928122985,True,True
351,116766057,202.99000000,2.76195000,560.64823050,1580928122985,True,True
352,116766058,203.02000000,0.31743000,64.44463860,1580928123104,False,True
353,116766059,203.03000000,0.20013000,40.63239390,1580928123104,False,True
354,116766060,203.02000000,20.00067000,4060.53602340,1580928123498,False,True
355,116766061,203.01000000,0.30000000,60.90300000,1580928123559,True,True
356,116766062,203.02000000,0.00021000,0.04263420,1580928123682,False,True
357,116766063,203.08000000,0.19649000,39.90318920,1580928124803,False,True
358,116766064,203.09000000,0.05718000,11.61268620,1580928125108,False,True
359,116766065,203.09000000,2.00000000,406.18000000,1580928125150,False,True
360,116766066,203.09000000,1.19234000,242.15233060,1580928125179,False,True
361,116766067,203.10000000,0.50000000,101.55000000,1580928125244,False,True
362,116766068,203.10000000,4.73734000,962.15375400,1580928125308,False,True
363,116766069,203.10000000,3.45186000,701.07276600,1580928125308,False,True
364,116766070,203.09000000,0.31578000,64.13176020,1580928125310,True,True
365,116766071,203.09000000,0.82822000,168.20319980,1580928125310,True,True
366,116766072,203.10000000,1.05400000,214.06740000,1580928125425,True,True
367,116766073,203.12000000,0.39283000,79.79162960,1580928125668,False,True
368,116766074,203.12000000,0.15054000,30.57768480,1580928125771,False,True
369,116766075,203.15000000,0.31578000,64.15070700,1580928126064,False,True
370,116766076,203.15000000,0.65422000,132.90479300,1580928126064,False,True
371,116766077,203.15000000,1.09990000,223.44468500,1580928126127,False,True
372,116766078,203.15000000,0.09518000,19.33581700,1580928126676,False,True
373,116766079,203.14000000,0.05415000,11.00003100,1580928127104,False,True
374,116766080,203.13000000,0.31491000,63.96766830,1580928127216,True,True
375,116766081,203.12000000,1.85802000,377.40102240,1580928127216,True,True
376,116766082,203.13000000,0.31490000,63.96563700,1580928127733,False,True
377,116766083,203.13000000,0.00001000,0.00203130,1580928127741,False,True
378,116766084,203.14000000,0.99999000,203.13796860,1580928127741,False,True
379,116766085,203.14000000,0.11000000,22.34540000,1580928127747,False,True
380,116766086,203.14000000,0.44086000,89.55630040,1580928127751,False,True
381,116766087,203.15000000,0.11000000,22.34650000,1580928127761,False,True
382,116766088,203.15000000,0.03002000,6.09856300,1580928127763,False,True
383,116766089,203.16000000,0.46510000,94.48971600,1580928127775,False,True
384,116766090,203.16000000,31.14511000,6327.44054760,1580928127813,False,True
385,116766091,203.16000000,70.71104000,14365.65488640,1580928127813,False,True
386,116766092,203.16000000,0.91401000,185.69027160,1580928127813,False,True
387,116766093,203.17000000,10.78600000,2191.39162000,1580928127813,False,True
388,116766094,203.17000000,0.41640000,84.59998800,1580928127813,False,True
389,116766095,203.18000000,4.92174000,999.99913320,1580928127813,False,True
390,116766096,203.20000000,0.38072000,77.36230400,1580928127930,False,True
391,116766097,203.20000000,0.64848000,131.77113600,1580928127930,False,True
392,116766098,203.23000000,0.10450000,21.23753500,1580928127990,False,True
393,116766099,203.23000000,0.28831000,58.59324130,1580928127990,False,True
394,116766100,203.28000000,2.03000000,412.65840000,1580928128649,False,True
395,116766101,203.26000000,1.63534000,332.39920840,1580928128885,True,True
396,116766102,203.25000000,0.99232000,201.68904000,1580928128885,True,True
397,116766103,203.25000000,0.87734000,178.31935500,1580928128885,True,True
398,116766104,203.25000000,0.31449000,63.92009250,1580928128995,True,True
399,116766105,203.25000000,0.37168000,75.54396000,1580928128995,True,True
400,116766106,203.27000000,0.30064000,61.11109280,1580928129216,False,True
401,116766107,203.27000000,0.31449000,63.92638230,1580928129216,False,True
402,116766108,203.28000000,0.41487000,84.33477360,1580928129216,False,True
403,116766109,203.26000000,0.31400000,63.82364000,1580928129298,True,True
404,116766110,203.26000000,1.63542000,332.41546920,1580928130447,False,True
405,116766111,203.27000000,0.47458000,96.46787660,1580928130447,False,True
406,116766112,203.25000000,1.63542000,332.39911500,1580928131289,True,True
407,116766113,203.24000000,16.90600000,3435.97544000,1580928131289,True,True
408,116766114,203.24000000,0.86933000,176.68262920,1580928131289,True,True
409,116766115,203.21000000,0.56900000,115.62649000,1580928131895,False,True
410,116766116,203.21000000,0.56900000,115.62649000,1580928132007,False,True
411,116766117,203.21000000,0.30005000,60.97316050,1580928132163,False,True
412,116766118,203.23000000,0.15280000,31.05354400,1580928133000,False,True
413,116766119,203.25000000,0.84720000,172.19340000,1580928133000,False,True
414,116766120,203.24000000,0.14707000,29.89050680,1580928133848,False,True
415,116766121,203.24000000,0.51934000,105.55066160,1580928133848,False,True
416,116766122,203.22000000,0.08200000,16.66404000,1580928133974,True,True
417,116766123,203.22000000,0.21739000,44.17799580,1580928134257,True,True
418,116766124,203.22000000,7.99901000,1625.55881220,1580928134257,True,True
419,116766125,203.21000000,3.00000000,609.63000000,1580928134272,True,True
420,116766126,203.20000000,0.05165000,10.49528000,1580928134537,True,True
421,116766127,203.20000000,0.37400000,75.99680000,1580928134537,True,True
422,116766128,203.17000000,0.21739000,44.16712630,1580928134753,False,True
423,116766129,203.18000000,1.41875000,288.26162500,1580928134753,False,True
424,116766130,203.20000000,0.51800000,105.25760000,1580928134848,False,True
425,116766131,203.18000000,0.05165000,10.49424700,1580928135300,True,True
426,116766132,203.18000000,0.00606000,1.23127080,1580928135300,True,True
427,116766133,203.19000000,1.63500000,332.21565000,1580928135372,False,True
428,116766134,203.20000000,0.09595000,19.49704000,1580928135480,False,True
429,116766135,203.18000000,0.32900000,66.84622000,1580928136831,True,True
430,116766136,203.18000000,0.05165000,10.49424700,1580928136831,True,True
431,116766137,203.18000000,0.22024000,44.74836320,1580928136945,False,True
432,116766138,203.12000000,0.11144000,22.63569280,1580928136990,True,True
433,116766139,203.12000000,0.20056000,40.73774720,1580928136990,True,True
434,116766140,203.12000000,0.50000000,101.56000000,1580928137006,True,True
435,116766141,203.12000000,1.00000000,203.12000000,1580928137015,True,True
436,116766142,203.12000000,0.41944000,85.19665280,1580928137026,True,True
437,116766143,203.12000000,0.08056000,16.36334720,1580928137026,True,True
438,116766144,203.12000000,0.50000000,101.56000000,1580928137027,True,True
439,116766145,203.12000000,0.11000000,22.34320000,1580928137029,True,True
440,116766146,203.12000000,0.50000000,101.56000000,1580928137040,True,True
441,116766147,203.12000000,0.50000000,101.56000000,1580928137040,True,True
442,116766148,203.12000000,0.08000000,16.24960000,1580928137046,True,True
443,116766149,203.11000000,0.31102000,63.17127220,1580928138031,True,True
444,116766150,203.11000000,0.91098000,185.02914780,1580928138031,True,True
445,116766151,203.14000000,0.30002000,60.94606280,1580928138166,False,True
446,116766152,203.10000000,0.22500000,45.69750000,1580928138241,True,True
447,116766153,203.10000000,1.13900000,231.33090000,1580928138547,True,True
448,116766154,203.12000000,0.69153000,140.46357360,1580928140169,False,True
449,116766155,203.12000000,0.31102000,63.17438240,1580928140169,False,True
450,116766156,203.13000000,1.18770000,241.25750100,1580928140169,False,True
451,116766157,203.10000000,0.15256000,30.98493600,1580928140442,True,True
452,116766158,203.11000000,0.46631000,94.71222410,1580928142301,False,True
453,116766159,203.10000000,0.59344000,120.52766400,1580928142495,True,True
454,116766160,203.08000000,0.00419000,0.85090520,1580928142495,True,True
455,116766161,203.09000000,0.32151000,65.29546590,1580928142786,False,True
456,116766162,203.08000000,0.09500000,19.29260000,1580928143266,True,True
457,116766163,203.09000000,0.32270000,65.53714300,1580928143508,False,True
458,116766164,203.10000000,0.07013000,14.24340300,1580928143508,False,True
459,116766165,203.08000000,0.00081000,0.16449480,1580928143509,True,True
460,116766166,203.05000000,0.05866000,11.91091300,1580928143509,True,True
461,116766167,203.05000000,0.25091000,50.94727550,1580928144368,True,True
462,116766168,203.05000000,1.24909000,253.62772450,1580928144368,True,True
463,116766169,203.05000000,7.17585000,1457.05634250,1580928144495,True,True
464,116766170,203.07000000,0.19225000,39.04020750,1580928144818,False,True
465,116766171,203.08000000,8.09000000,1642.91720000,1580928144906,False,True
466,116766172,203.08000000,0.39283000,79.77591640,1580928144944,False,True
467,116766173,203.08000000,0.51300000,104.18004000,1580928144950,False,True
468,116766174,203.12000000,0.19105000,38.80607600,1580928145293,True,True
469,116766175,203.11000000,0.19908000,40.43513880,1580928145293,True,True
470,116766176,203.15000000,0.05866000,11.91677900,1580928145743,False,True
471,116766177,203.15000000,0.19105000,38.81180750,1580928145743,False,True
472,116766178,203.15000000,0.14312000,29.07482800,1580928145743,False,True
473,116766179,203.14000000,0.05866000,11.91619240,1580928145826,False,True
474,116766180,203.15000000,0.05596000,11.36827400,1580928145826,False,True
475,116766181,203.15000000,0.54633000,110.98693950,1580928145826,False,True
476,116766182,203.11000000,0.24952000,50.68000720,1580928146947,True,True
477,116766183,203.11000000,0.05861000,11.90427710,1580928146947,True,True
478,116766184,203.11000000,1.30987000,266.04769570,1580928146947,True,True
479,116766185,203.10000000,0.13663000,27.74955300,1580928147168,True,True
480,116766186,203.11000000,0.62570000,127.08592700,1580928149055,True,True
481,116766187,203.11000000,0.17350000,35.23958500,1580928149143,True,True
482,116766188,203.12000000,0.05600000,11.37472000,1580928150609,True,True
483,116766189,203.12000000,1.30400000,264.86848000,1580928150708,True,True
484,116766190,203.12000000,0.49300000,100.13816000,1580928150927,True,True
485,116766191,203.09000000,0.27327000,55.49840430,1580928151685,False,True
486,116766192,203.05000000,0.05523000,11.21445150,1580928151699,True,True
487,116766193,203.07000000,0.19300000,39.19251000,1580928151980,False,True
488,116766194,203.07000000,0.07000000,14.21490000,1580928152232,False,True
489,116766195,203.08000000,3.99308000,810.91468640,1580928153109,False,True
490,116766196,203.07000000,0.08300000,16.85481000,1580928157608,True,True
491,116766197,203.07000000,0.05945000,12.07251150,1580928159909,True,True
492,116766198,203.10000000,0.30575000,62.09782500,1580928163351,False,True
493,116766199,203.13000000,1.12690000,228.90719700,1580928163581,True,True
494,116766200,203.14000000,0.04924000,10.00261360,1580928163710,False,True
495,116766201,203.15000000,0.34359000,69.80030850,1580928163710,False,True
496,116766202,203.15000000,0.65641000,133.34969150,1580928163723,False,True
497,116766203,203.15000000,0.34359000,69.80030850,1580928163723,False,True
498,116766204,203.14000000,1.63600000,332.33704000,1580928163827,True,True
499,116766205,203.15000000,0.08500000,17.26775000,1580928164343,True,True
