,id,price,qty,quoteQty,time,isBuyerMaker,isBestMatch
0,110601341,128.43000000,1.00089000,128.54430270,1577615245981,False,True
1,110601342,128.43000000,1.00281000,128.79088830,1577615246535,False,True
2,110601343,128.43000000,1.00126000,128.59182180,1577615247083,False,True
3,110601344,128.43000000,1.00136000,128.60466480,1577615247641,False,True
4,110601345,128.38000000,0.17900000,22.98002000,1577615247993,True,True
5,110601346,128.43000000,1.00011000,128.44412730,1577615248195,False,True
6,110601347,128.43000000,0.08753000,11.24147790,1577615248612,False,True
7,110601348,128.43000000,1.00120000,128.58411600,1577615248747,False,True
8,110601349,128.43000000,0.65097000,83.60407710,1577615249303,False,True
9,110601350,128.43000000,0.35223000,45.23689890,1577615249303,False,True
10,110601351,128.43000000,1.00041000,128.48265630,1577615249858,False,True
11,110601352,128.43000000,1.00160000,128.63548800,1577615250402,False,True
12,110601353,128.43000000,1.00295000,128.80886850,1577615250955,False,True
13,110601354,128.43000000,0.37789000,48.53241270,1577615251634,False,True
14,110601355,128.44000000,0.85178000,109.40262320,1577615251634,False,True
15,110601356,128.42000000,2.39754000,307.89208680,1577615252953,False,True
16,110601357,128.42000000,0.53097000,68.18716740,1577615253490,False,True
17,110601358,128.44000000,0.47253000,60.69175320,1577615253490,False,True
18,110601359,128.44000000,7.57130000,972.45777200,1577615253778,False,True
19,110601360,128.45000000,1.98000000,254.33100000,1577615253778,False,True
20,110601361,128.45000000,11.41067000,1465.70056150,1577615253778,False,True
21,110601362,128.45000000,14.71711000,1890.41277950,1577615253778,False,True
22,110601363,128.46000000,15.57389000,2000.62190940,1577615253778,False,True
23,110601364,128.46000000,22.82102000,2931.58822920,1577615253778,False,True
24,110601365,128.47000000,12.18883000,1565.89899010,1577615253778,False,True
25,110601366,128.47000000,17.11690000,2199.00814300,1577615253778,False,True
26,110601367,128.47000000,11.41136000,1466.01741920,1577615253778,False,True
27,110601368,128.47000000,19.08174000,2451.43113780,1577615253778,False,True
28,110601369,128.47000000,36.84829000,4733.89981630,1577615253778,False,True
29,110601370,128.47000000,2.34814000,301.66554580,1577615253778,False,True
30,110601371,128.47000000,20.25316000,2601.92346520,1577615253778,False,True
31,110601372,128.47000000,17.11634000,2198.93619980,1577615253778,False,True
32,110601373,128.47000000,2.18570000,280.79687900,1577615253778,False,True
33,110601374,128.48000000,1.35454000,174.03129920,1577615253778,False,True
34,110601375,128.48000000,15.57593000,2001.19548640,1577615253778,False,True
35,110601376,128.48000000,8.79156000,1129.53962880,1577615253778,False,True
36,110601377,128.48000000,1.55666000,199.99967680,1577615253778,False,True
37,110601378,128.48000000,5.58339000,717.35394720,1577615253778,False,True
38,110601379,128.48000000,18.16382000,2333.68759360,1577615253778,False,True
39,110601380,128.48000000,17.11398000,2198.80415040,1577615253778,False,True
40,110601381,128.49000000,6.00000000,770.94000000,1577615253778,False,True
41,110601382,128.49000000,36.25712000,4658.67734880,1577615253778,False,True
42,110601383,128.49000000,9.34689000,1200.98189610,1577615253778,False,True
43,110601384,128.49000000,9.34689000,1200.98189610,1577615253778,False,True
44,110601385,128.49000000,9.34689000,1200.98189610,1577615253778,False,True
45,110601386,128.49000000,3.90202000,501.37054980,1577615253778,False,True
46,110601387,128.49000000,20.86234000,2680.60206660,1577615253778,False,True
47,110601388,128.50000000,1.06649000,137.04396500,1577615253778,False,True
48,110601389,128.50000000,0.80844000,103.88454000,1577615253778,False,True
49,110601390,128.50000000,0.75161000,96.58188500,1577615253778,False,True
50,110601391,128.50000000,7.88704000,1013.48464000,1577615253778,False,True
51,110601392,128.50000000,15.57996000,2002.02486000,1577615253778,False,True
52,110601393,128.50000000,1127.09382000,144831.55587000,1577615253800,True,True
53,110601394,128.50000000,163.89507000,21060.51649500,1577615253807,True,True
54,110601395,128.41000000,2.09000000,268.37690000,1577615254063,True,True
55,110601396,128.47000000,1.69586000,217.86713420,1577615254560,False,True
56,110601397,128.48000000,0.23221000,29.83434080,1577615254560,False,True
57,110601398,128.47000000,0.08834000,11.34903980,1577615254861,False,True
58,110601399,128.47000000,0.30202000,38.80050940,1577615255115,False,True
59,110601400,128.48000000,0.70013000,89.95270240,1577615255115,False,True
60,110601401,128.48000000,0.50000000,64.24000000,1577615256294,False,True
61,110601402,128.52000000,0.20000000,25.70400000,1577615256294,False,True
62,110601403,128.53000000,0.12110000,15.56498300,1577615256294,False,True
63,110601404,128.53000000,0.76946000,98.89869380,1577615256294,False,True
64,110601405,128.53000000,0.54606000,70.18509180,1577615256294,False,True
65,110601406,128.47000000,0.31062000,39.90535140,1577615256645,True,True
66,110601407,128.47000000,0.19955000,25.63618850,1577615256743,True,True
67,110601408,128.47000000,3.15100000,404.80897000,1577615256836,True,True
68,110601409,128.47000000,1.14941000,147.66470270,1577615256922,False,True
69,110601410,128.47000000,1.00224000,128.75777280,1577615257466,False,True
70,110601411,128.47000000,1.00286000,128.83742420,1577615258009,False,True
71,110601412,128.47000000,1.00072000,128.56249840,1577615258554,False,True
72,110601413,128.47000000,0.17477000,22.45270190,1577615259105,False,True
73,110601414,128.47000000,0.82841000,106.42583270,1577615259105,False,True
74,110601415,128.47000000,1.00042000,128.52395740,1577615259645,False,True
75,110601416,128.46000000,1.26326000,162.27837960,1577615259688,True,True
76,110601417,128.47000000,1.00233000,128.76933510,1577615260198,False,True
77,110601418,128.47000000,1.00224000,128.75777280,1577615260737,False,True
78,110601419,128.47000000,0.09238000,11.86805860,1577615261086,False,True
79,110601420,128.47000000,0.39422000,50.64544340,1577615261283,False,True
80,110601421,128.49000000,0.60654000,77.93432460,1577615261283,False,True
81,110601422,128.46000000,0.32300000,41.49258000,1577615262139,True,True
82,110601423,128.47000000,3.77939000,485.53823330,1577615262207,True,True
83,110601424,128.46000000,0.55061000,70.73136060,1577615262207,True,True
84,110601425,128.46000000,3.84300000,493.67178000,1577615262214,True,True
85,110601426,128.46000000,3.77900000,485.45034000,1577615262229,True,True
86,110601427,128.47000000,3.05306000,392.22661820,1577615262908,False,True
87,110601428,128.45000000,1.05400000,135.38630000,1577615264041,True,True
88,110601429,128.45000000,0.16800000,21.57960000,1577615265311,True,True
89,110601430,128.49000000,0.09182000,11.79795180,1577615267292,False,True
90,110601431,128.49000000,9.79459000,1258.50686910,1577615273005,False,True
91,110601432,128.49000000,0.08755000,11.24929950,1577615273498,False,True
92,110601433,128.46000000,0.22400000,28.77504000,1577615274157,True,True
93,110601434,128.46000000,0.65615000,84.28902900,1577615274384,True,True
94,110601435,128.49000000,0.08634000,11.09382660,1577615281732,False,True
95,110601436,128.46000000,0.13800000,17.72748000,1577615285065,True,True
96,110601437,128.46000000,0.00064000,0.08221440,1577615288793,True,True
97,110601438,128.44000000,0.10000000,12.84400000,1577615288793,True,True
98,110601439,128.43000000,4.89936000,629.22480480,1577615288793,True,True
99,110601440,128.43000000,3.10063000,398.21391090,1577615288812,True,True
100,110601441,128.42000000,0.89937000,115.49709540,1577615288812,True,True
101,110601442,128.42000000,2.00000000,256.84000000,1577615288851,True,True
102,110601443,128.42000000,2.00000000,256.84000000,1577615288856,True,True
103,110601444,128.42000000,2.00000000,256.84000000,1577615288857,True,True
104,110601445,128.42000000,1.10062000,141.34162040,1577615288858,True,True
105,110601446,128.42000000,0.89938000,115.49837960,1577615288858,True,True
106,110601447,128.46000000,0.08903000,11.43679380,1577615290099,False,True
107,110601448,128.44000000,1.49600000,192.14624000,1577615291487,False,True
108,110601449,128.43000000,1.95196000,250.69022280,1577615293314,False,True
109,110601450,128.44000000,6.63600000,852.32784000,1577615293375,False,True
110,110601451,128.45000000,3.59594000,461.89849300,1577615293375,False,True
111,110601452,128.46000000,2.59093000,332.83086780,1577615293375,False,True
112,110601453,128.42000000,0.38000000,48.79960000,1577615297351,False,True
113,110601454,128.42000000,0.00009000,0.01155780,1577615298382,False,True
114,110601455,128.43000000,0.09289000,11.92986270,1577615298382,False,True
115,110601456,128.42000000,1.32093000,169.63383060,1577615305110,False,True
116,110601457,128.43000000,0.09124000,11.71795320,1577615306636,False,True
117,110601458,128.43000000,0.64700000,83.09421000,1577615312339,False,True
118,110601459,128.43000000,0.09301000,11.94527430,1577615312793,False,True
119,110601460,128.41000000,2.83043000,363.45551630,1577615315262,True,True
120,110601461,128.40000000,2.37686000,305.18882400,1577615318061,True,True
121,110601462,128.40000000,0.15574000,19.99701600,1577615318220,True,True
122,110601463,128.43000000,0.08730000,11.21193900,1577615319018,False,True
123,110601464,128.40000000,2.16000000,277.34400000,1577615319331,True,True
124,110601465,128.43000000,0.79865000,102.57061950,1577615319857,False,True
125,110601466,128.43000000,0.10000000,12.84300000,1577615319857,False,True
126,110601467,128.43000000,0.10000000,12.84300000,1577615319857,False,True
127,110601468,128.43000000,0.10000000,12.84300000,1577615319857,False,True
128,110601469,128.43000000,1.20134000,154.28809620,1577615319857,False,True
129,110601470,128.43000000,2.70001000,346.76228430,1577615319857,False,True
130,110601471,128.43000000,0.78500000,100.81755000,1577615322779,False,True
131,110601472,128.42000000,2.83043000,363.48382060,1577615324488,True,True
132,110601473,128.45000000,0.09131000,11.72876950,1577615327479,False,True
133,110601474,128.42000000,0.23399000,30.04899580,1577615328366,True,True
134,110601475,128.43000000,0.08800000,11.30184000,1577615335648,False,True
135,110601476,128.43000000,0.74600000,95.80878000,1577615336784,False,True
136,110601477,128.43000000,1.00000000,128.43000000,1577615342170,False,True
137,110601478,128.45000000,0.08973000,11.52581850,1577615343866,False,True
138,110601479,128.43000000,2.70800000,347.78844000,1577615350384,True,True
139,110601480,128.43000000,1.35100000,173.50893000,1577615351012,True,True
140,110601481,128.44000000,0.09245000,11.87427800,1577615352306,False,True
141,110601482,128.43000000,1.61400000,207.28602000,1577615354174,True,True
142,110601483,128.43000000,1.18000000,151.54740000,1577615354271,True,True
143,110601484,128.43000000,0.14705000,18.88563150,1577615354350,True,True
144,110601485,128.40000000,0.00867000,1.11322800,1577615354350,True,True
145,110601486,128.40000000,0.14700000,18.87480000,1577615354372,True,True
146,110601487,128.40000000,0.15574000,19.99701600,1577615355767,True,True
147,110601488,128.41000000,0.09297000,11.93827770,1577615358299,False,True
148,110601489,128.41000000,0.08754000,11.24101140,1577615366516,False,True
149,110601490,128.40000000,0.10000000,12.84000000,1577615369867,True,True
150,110601491,128.40000000,0.10000000,12.84000000,1577615369867,True,True
151,110601492,128.40000000,0.10000000,12.84000000,1577615369867,True,True
152,110601493,128.35000000,0.24412000,31.33280200,1577615369867,True,True
153,110601494,128.35000000,2.99599000,384.53531650,1577615369867,True,True
154,110601495,128.34000000,11.40768000,1464.06165120,1577615369867,True,True
155,110601496,128.34000000,17.11148000,2196.08734320,1577615369867,True,True
156,110601497,128.34000000,4.73674000,607.91321160,1577615369867,True,True
157,110601498,128.34000000,0.92663000,118.92369420,1577615369867,True,True
158,110601499,128.33000000,18.75678000,2407.05757740,1577615369867,True,True
159,110601500,128.40000000,0.19977000,25.65046800,1577615370079,False,True
160,110601501,128.39000000,1.00000000,128.39000000,1577615370147,False,True
161,110601502,128.40000000,0.54200000,69.59280000,1577615371637,False,True
162,110601503,128.39000000,1.55602000,199.77740780,1577615372662,False,True
163,110601504,128.39000000,0.09212000,11.82728680,1577615372734,False,True
164,110601505,128.37000000,1.00000000,128.37000000,1577615375064,True,True
165,110601506,128.37000000,1.75000000,224.64750000,1577615375064,True,True
166,110601507,128.39000000,0.62700000,80.50053000,1577615376878,False,True
167,110601508,128.40000000,0.08763000,11.25169200,1577615378956,False,True
168,110601509,128.39000000,0.94400000,121.20016000,1577615379938,False,True
169,110601510,128.39000000,1.19100000,152.91249000,1577615382679,False,True
170,110601511,128.41000000,0.38009000,48.80735690,1577615383609,False,True
171,110601512,128.41000000,4.63993000,595.81341130,1577615383609,False,True
172,110601513,128.41000000,0.08943000,11.48370630,1577615385168,False,True
173,110601514,128.41000000,0.08601000,11.04454410,1577615393389,False,True
174,110601515,128.39000000,1.10612000,142.01474680,1577615399415,True,True
175,110601516,128.41000000,0.08779000,11.27311390,1577615399601,False,True
176,110601517,128.41000000,0.88000000,113.00080000,1577615403164,False,True
177,110601518,128.41000000,7.99999000,1027.27871590,1577615404204,False,True
178,110601519,128.41000000,3.07943000,395.42960630,1577615404204,False,True
179,110601520,128.44000000,0.17912000,23.00617280,1577615405200,False,True
180,110601521,128.45000000,0.08721000,11.20212450,1577615405860,False,True
181,110601522,128.44000000,0.17909000,23.00231960,1577615405963,False,True
182,110601523,128.39000000,0.39134000,50.24414260,1577615408063,True,True
183,110601524,128.42000000,1.10578000,142.00426760,1577615411949,True,True
184,110601525,128.46000000,0.09020000,11.58709200,1577615412058,False,True
185,110601526,128.38000000,0.08566000,10.99703080,1577615413086,True,True
186,110601527,128.46000000,0.62900000,80.80134000,1577615416829,False,True
187,110601528,128.44000000,0.08619000,11.07024360,1577615420406,False,True
188,110601529,128.44000000,0.08892000,11.42088480,1577615426469,False,True
189,110601530,128.41000000,0.08566000,10.99960060,1577615427282,True,True
190,110601531,128.39000000,0.78900000,101.29971000,1577615427282,True,True
191,110601532,128.38000000,0.59107000,75.88156660,1577615427282,True,True
192,110601533,128.44000000,0.09107000,11.69703080,1577615432702,False,True
193,110601534,128.39000000,0.37200000,47.76108000,1577615435717,True,True
194,110601535,128.44000000,0.08978000,11.53134320,1577615438916,False,True
195,110601536,128.43000000,0.08687000,11.15671410,1577615447132,False,True
196,110601537,128.43000000,0.09027000,11.59337610,1577615453341,False,True
197,110601538,128.43000000,0.09251000,11.88105930,1577615459559,False,True
198,110601539,128.41000000,1.05656000,135.67286960,1577615463049,False,True
199,110601540,128.41000000,0.14622000,18.77611020,1577615467291,True,True
200,110601541,128.44000000,0.09345000,12.00271800,1577615467777,False,True
201,110601542,128.40000000,0.10395000,13.34718000,1577615468280,False,True
202,110601543,128.44000000,0.09114000,11.70602160,1577615473994,False,True
203,110601544,128.42000000,0.09133000,11.72859860,1577615480212,False,True
204,110601545,128.39000000,0.95387000,122.46736930,1577615483870,True,True
205,110601546,128.39000000,0.09053000,11.62314670,1577615486523,False,True
206,110601547,128.39000000,1.43439000,184.16133210,1577615489241,False,True
207,110601548,128.38000000,10.00000000,1283.80000000,1577615490681,True,True
208,110601549,128.38000000,3.47844000,446.56212720,1577615490681,True,True
209,110601550,128.38000000,0.72034000,92.47724920,1577615490824,False,True
210,110601551,128.36000000,0.68753000,88.25135080,1577615492742,False,True
211,110601552,128.37000000,0.09162000,11.76125940,1577615494634,False,True
212,110601553,128.39000000,0.08571000,11.00430690,1577615500870,False,True
213,110601554,128.40000000,0.09321000,11.96816400,1577615507152,False,True
214,110601555,128.40000000,0.08954000,11.49693600,1577615513501,False,True
215,110601556,128.36000000,0.14973000,19.21934280,1577615519716,True,True
216,110601557,128.40000000,0.08916000,11.44814400,1577615519724,False,True
217,110601558,128.40000000,0.09317000,11.96302800,1577615525942,False,True
218,110601559,128.37000000,1.32269000,169.79371530,1577615528398,True,True
219,110601560,128.39000000,2.58152000,331.44135280,1577615528884,False,True
220,110601561,128.38000000,0.09311000,11.95346180,1577615532159,False,True
221,110601562,128.37000000,0.03992000,5.12453040,1577615537146,True,True
222,110601563,128.37000000,1.90316000,244.30864920,1577615537165,False,True
223,110601564,128.37000000,1.04893000,134.65114410,1577615537265,False,True
224,110601565,128.38000000,0.08614000,11.05865320,1577615540376,False,True
225,110601566,128.35000000,1.35493000,173.90526550,1577615542466,True,True
226,110601567,128.35000000,0.28956000,37.16502600,1577615542782,True,True
227,110601568,128.36000000,1.36261000,174.90461960,1577615545374,True,True
228,110601569,128.38000000,0.02298000,2.95017240,1577615548772,False,True
229,110601570,128.39000000,0.06377000,8.18743030,1577615548772,False,True
230,110601571,128.37000000,2.07074000,265.82089380,1577615554497,True,True
231,110601572,128.38000000,0.19993000,25.66701340,1577615554668,False,True
232,110601573,128.36000000,1.50719000,193.46290840,1577615554711,True,True
233,110601574,128.36000000,0.47689000,61.21360040,1577615554711,True,True
234,110601575,128.38000000,0.08578000,11.01243640,1577615554808,False,True
235,110601576,128.35000000,2.33558000,299.77169300,1577615561794,True,True
236,110601577,128.38000000,0.08656000,11.11257280,1577615563029,False,True
237,110601578,128.38000000,0.51554000,66.18502520,1577615566195,False,True
238,110601579,128.34000000,4.72262000,606.10105080,1577615566738,True,True
239,110601580,128.40000000,0.08902000,11.43016800,1577615569414,False,True
240,110601581,128.40000000,0.09377000,12.04006800,1577615575460,False,True
241,110601582,128.35000000,1.76556000,226.60962600,1577615575751,True,True
242,110601583,128.36000000,2.20078000,282.49212080,1577615575757,False,True
243,110601584,128.34000000,0.96809000,124.24467060,1577615576025,True,True
244,110601585,128.34000000,0.08663000,11.11809420,1577615576437,True,True
245,110601586,128.40000000,0.15535000,19.94694000,1577615580884,False,True
246,110601587,128.40000000,0.20027000,25.71466800,1577615583418,False,True
247,110601588,128.40000000,0.09279000,11.91423600,1577615583673,False,True
248,110601589,128.40000000,0.09260000,11.88984000,1577615591982,False,True
249,110601590,128.37000000,0.56340000,72.32365800,1577615597354,True,True
250,110601591,128.38000000,0.08589000,11.02655820,1577615598107,False,True
251,110601592,128.38000000,0.09206000,11.81866280,1577615604324,False,True
252,110601593,128.38000000,0.09087000,11.66589060,1577615610695,False,True
253,110601594,128.38000000,0.62393000,80.10013340,1577615611106,False,True
254,110601595,128.37000000,0.78641000,100.95145170,1577615611606,True,True
255,110601596,128.38000000,0.09987000,12.82131060,1577615613801,False,True
256,110601597,128.38000000,0.20042000,25.72991960,1577615613902,False,True
257,110601598,128.38000000,1.76421000,226.48927980,1577615616022,False,True
258,110601599,128.39000000,0.09191000,11.80032490,1577615616757,False,True
259,110601600,128.39000000,0.09318000,11.96338020,1577615622973,False,True
260,110601601,128.39000000,0.12129000,15.57242310,1577615624397,False,True
261,110601602,128.39000000,0.07371000,9.46362690,1577615629196,False,True
262,110601603,128.40000000,0.02005000,2.57442000,1577615629196,False,True
263,110601604,128.39000000,2.86980000,368.45362200,1577615632785,True,True
264,110601605,128.40000000,0.47784000,61.35465600,1577615632966,False,True
265,110601606,128.40000000,0.40021000,51.38696400,1577615633812,False,True
266,110601607,128.41000000,0.09008000,11.56717280,1577615635415,False,True
267,110601608,128.42000000,0.09020000,11.58348400,1577615641630,False,True
268,110601609,128.40000000,1.24102000,159.34696800,1577615641748,True,True
269,110601610,128.38000000,0.15925000,20.44451500,1577615643822,True,True
270,110601611,128.42000000,0.08852000,11.36773840,1577615647838,False,True
271,110601612,128.38000000,1.22987000,157.89071060,1577615653716,True,True
272,110601613,128.38000000,0.29527000,37.90676260,1577615653716,True,True
273,110601614,128.42000000,1.54000000,197.76680000,1577615653965,False,True
274,110601615,128.42000000,0.09128000,11.72217760,1577615654055,False,True
275,110601616,128.41000000,0.38000000,48.79580000,1577615657325,False,True
276,110601617,128.41000000,0.00010000,0.01284100,1577615662277,False,True
277,110601618,128.42000000,0.08824000,11.33178080,1577615662277,False,True
278,110601619,128.42000000,0.08829000,11.33820180,1577615668489,False,True
279,110601620,128.42000000,0.13953000,17.91844260,1577615671064,False,True
280,110601621,128.42000000,0.15547000,19.96545740,1577615671245,False,True
281,110601622,128.42000000,0.15551000,19.97059420,1577615671441,False,True
282,110601623,128.42000000,0.42374000,54.41669080,1577615671564,False,True
283,110601624,128.42000000,15.41236000,1979.25527120,1577615673828,False,True
284,110601625,128.42000000,0.09024000,11.58862080,1577615676710,False,True
285,110601626,128.42000000,1.54000000,197.76680000,1577615678067,False,True
286,110601627,128.40000000,1.14689000,147.26067600,1577615679289,True,True
287,110601628,128.41000000,2.47487000,317.79805670,1577615682543,False,True
288,110601629,128.42000000,0.08802000,11.30352840,1577615682934,False,True
289,110601630,128.42000000,0.12723000,16.33887660,1577615683869,False,True
290,110601631,128.42000000,0.39961000,51.31791620,1577615683964,False,True
291,110601632,128.42000000,2.75490000,353.78425800,1577615684051,False,True
292,110601633,128.43000000,3.71344000,476.91709920,1577615684940,False,True
293,110601634,128.44000000,10.30921000,1324.11493240,1577615684940,False,True
294,110601635,128.43000000,2.76388000,354.96510840,1577615684958,False,True
295,110601636,128.43000000,0.63623000,81.71101890,1577615686391,False,True
296,110601637,128.44000000,7.06858000,907.88841520,1577615686391,False,True
297,110601638,128.44000000,2.43762000,313.08791280,1577615686542,False,True
298,110601639,128.43000000,1.78900000,229.76127000,1577615687444,True,True
299,110601640,128.45000000,6.08300000,781.36135000,1577615688252,False,True
300,110601641,128.45000000,0.38956000,50.03898200,1577615688252,False,True
301,110601642,128.44000000,0.36800000,47.26592000,1577615688417,True,True
302,110601643,128.45000000,0.40300000,51.76535000,1577615688525,True,True
303,110601644,128.49000000,0.08932000,11.47672680,1577615689153,False,True
304,110601645,128.46000000,0.25028000,32.15096880,1577615691789,True,True
305,110601646,128.49000000,0.01068000,1.37227320,1577615697361,False,True
306,110601647,128.49000000,0.07715000,9.91300350,1577615697361,False,True
307,110601648,128.46000000,1.41808000,182.16655680,1577615698734,True,True
308,110601649,128.49000000,0.08977000,11.53454730,1577615703582,False,True
309,110601650,128.45000000,0.21667000,27.83126150,1577615708442,True,True
310,110601651,128.49000000,15.00000000,1927.35000000,1577615708723,False,True
311,110601652,128.46000000,1.51900000,195.13074000,1577615708854,True,True
312,110601653,128.47000000,1.97500000,253.72825000,1577615708946,True,True
313,110601654,128.47000000,3.85700000,495.50879000,1577615709358,True,True
314,110601655,128.50000000,0.09022000,11.59327000,1577615709905,False,True
315,110601656,128.48000000,0.10600000,13.61888000,1577615710233,False,True
316,110601657,128.47000000,0.00047000,0.06038090,1577615714048,True,True
317,110601658,128.47000000,0.28053000,36.03968910,1577615714048,True,True
318,110601659,128.49000000,0.08906000,11.44331940,1577615716005,False,True
319,110601660,128.48000000,0.29589000,38.01594720,1577615718476,False,True
320,110601661,128.48000000,0.08419000,10.81673120,1577615722224,False,True
321,110601662,128.49000000,0.00427000,0.54865230,1577615722224,False,True
322,110601663,128.45000000,0.79492000,102.10747400,1577615726404,True,True
323,110601664,128.49000000,0.08909000,11.44717410,1577615728438,False,True
324,110601665,128.45000000,0.25100000,32.24095000,1577615732519,True,True
325,110601666,128.47000000,0.09274000,11.91430780,1577615734661,False,True
326,110601667,128.45000000,5.65768000,726.72899600,1577615734949,True,True
327,110601668,128.45000000,0.20857000,26.79081650,1577615734949,True,True
328,110601669,128.43000000,1.63342000,209.78013060,1577615734949,True,True
329,110601670,128.42000000,18.25607000,2344.44450940,1577615734949,True,True
330,110601671,128.42000000,4.66212000,598.70945040,1577615734949,True,True
331,110601672,128.47000000,0.09270000,11.90916900,1577615740888,False,True
332,110601673,128.47000000,0.00730000,0.93783100,1577615749089,False,True
333,110601674,128.49000000,0.07868000,10.10959320,1577615749089,False,True
334,110601675,128.46000000,0.10602000,13.61932920,1577615754209,True,True
335,110601676,128.46000000,0.02300000,2.95458000,1577615754209,True,True
336,110601677,128.49000000,0.09324000,11.98040760,1577615755309,False,True
337,110601678,128.50000000,0.08652000,11.11782000,1577615763525,False,True
338,110601679,128.49000000,0.08655000,11.12080950,1577615769737,False,True
339,110601680,128.45000000,0.10000000,12.84500000,1577615770892,True,True
340,110601681,128.45000000,0.03374000,4.33390300,1577615770892,True,True
341,110601682,128.42000000,1.15529000,148.36234180,1577615774666,True,True
342,110601683,128.42000000,0.18684000,23.99399280,1577615774666,True,True
343,110601684,128.47000000,0.11800000,15.15946000,1577615774835,False,True
344,110601685,128.47000000,0.09248000,11.88090560,1577615775950,False,True
345,110601686,128.46000000,0.38000000,48.81480000,1577615777453,False,True
346,110601687,128.46000000,0.00010000,0.01284600,1577615782180,False,True
347,110601688,128.48000000,0.09375000,12.04500000,1577615782180,False,True
348,110601689,128.46000000,0.08629000,11.08481340,1577615788381,False,True
349,110601690,128.44000000,0.73500000,94.40340000,1577615792448,False,True
350,110601691,128.44000000,1.65400000,212.43976000,1577615792546,False,True
351,110601692,128.44000000,0.10346000,13.28840240,1577615793807,False,True
352,110601693,128.46000000,0.09119000,11.71426740,1577615794603,False,True
353,110601694,128.46000000,0.08582000,11.02443720,1577615800819,False,True
354,110601695,128.46000000,0.23807000,30.58247220,1577615801097,False,True
355,110601696,128.46000000,1.11003000,142.59445380,1577615801097,False,True
356,110601697,128.46000000,1.50769000,193.67785740,1577615801097,False,True
357,110601698,128.42000000,0.08592000,11.03384640,1577615809030,False,True
358,110601699,128.42000000,2.38882000,306.77226440,1577615812950,True,True
359,110601700,128.45000000,0.08835000,11.34855750,1577615817251,False,True
360,110601701,128.42000000,0.15371000,19.73943820,1577615818744,True,True
361,110601702,128.41000000,0.60788000,78.05787080,1577615818744,True,True
362,110601703,128.42000000,2.38901000,306.79666420,1577615822391,True,True
363,110601704,128.44000000,0.09057000,11.63281080,1577615823464,False,True
364,110601705,128.41000000,1.98619000,255.04665790,1577615824973,True,True
365,110601706,128.41000000,0.57880000,74.32370800,1577615825093,True,True
366,110601707,128.44000000,0.09179000,11.78950760,1577615829679,False,True
367,110601708,128.43000000,0.20223000,25.97239890,1577615834793,False,True
368,110601709,128.45000000,3.79777000,487.82355650,1577615834793,False,True
369,110601710,128.45000000,0.08995000,11.55407750,1577615835892,False,True
370,110601711,128.44000000,0.15668000,20.12397920,1577615836372,True,True
371,110601712,128.42000000,2.23267000,286.71948140,1577615836374,True,True
372,110601713,128.44000000,0.08835000,11.34767400,1577615842113,False,True
373,110601714,128.42000000,2.38901000,306.79666420,1577615845294,True,True
374,110601715,128.44000000,0.08813000,11.31941720,1577615848334,False,True
375,110601716,128.42000000,2.38901000,306.79666420,1577615849862,True,True
376,110601717,128.41000000,0.32570000,41.82313700,1577615850505,True,True
377,110601718,128.44000000,0.08861000,11.38106840,1577615854551,False,True
378,110601719,128.44000000,0.11500000,14.77060000,1577615857155,False,True
379,110601720,128.45000000,1.37520000,176.64444000,1577615857155,False,True
380,110601721,128.42000000,2.38901000,306.79666420,1577615857927,True,True
381,110601722,128.45000000,0.09254000,11.88676300,1577615860760,False,True
382,110601723,128.45000000,0.90300000,115.99035000,1577615863411,False,True
383,110601724,128.42000000,1.13236000,145.41767120,1577615863493,True,True
384,110601725,128.45000000,0.09125000,11.72106250,1577615866972,False,True
385,110601726,128.43000000,2.38900000,306.81927000,1577615871260,True,True
386,110601727,128.44000000,0.08716000,11.19483040,1577615873190,False,True
387,110601728,128.43000000,0.00001000,0.00128430,1577615874059,True,True
388,110601729,128.43000000,0.18299000,23.50140570,1577615874059,True,True
389,110601730,128.44000000,0.08601000,11.04712440,1577615879407,False,True
390,110601731,128.41000000,0.45245000,58.09910450,1577615883992,True,True
391,110601732,128.41000000,0.12355000,15.86505550,1577615883992,True,True
392,110601733,128.44000000,0.09172000,11.78051680,1577615885847,False,True
393,110601734,128.44000000,0.09214000,11.83446160,1577615893839,False,True
394,110601735,128.43000000,0.08630000,11.08350900,1577615902055,False,True
395,110601736,128.43000000,0.09397000,12.06856710,1577615908273,False,True
396,110601737,128.43000000,0.09379000,12.04544970,1577615916485,False,True
397,110601738,128.43000000,0.08580000,11.01929400,1577615922698,False,True
398,110601739,128.40000000,0.20212000,25.95220800,1577615924844,True,True
399,110601740,128.40000000,15.00000000,1926.00000000,1577615924844,True,True
400,110601741,128.41000000,0.80000000,102.72800000,1577615928390,False,True
401,110601742,128.41000000,0.08781000,11.27568210,1577615928951,False,True
402,110601743,128.40000000,3.30800000,424.74720000,1577615930314,True,True
403,110601744,128.40000000,6.07406000,779.90930400,1577615931089,True,True
404,110601745,128.43000000,0.02023000,2.59813890,1577615935349,False,True
405,110601746,128.43000000,0.07038000,9.03890340,1577615935349,False,True
406,110601747,128.40000000,0.19969000,25.64019600,1577615941051,True,True
407,110601748,128.42000000,0.08939000,11.47946380,1577615941570,False,True
408,110601749,128.40000000,3.85318000,494.74831200,1577615947726,True,True
409,110601750,128.40000000,18.92347000,2429.77354800,1577615948508,True,True
410,110601751,128.40000000,20.01371000,2569.76036400,1577615948550,True,True
411,110601752,128.40000000,23.36248000,2999.74243200,1577615949228,True,True
412,110601753,128.40000000,47.00000000,6034.80000000,1577615949310,True,True
413,110601754,128.40000000,15.06329000,1934.12643600,1577615949331,True,True
414,110601755,128.40000000,1.86630000,239.63292000,1577615949331,True,True
415,110601756,128.40000000,1.14456000,146.96150400,1577615949331,True,True
416,110601757,128.40000000,0.11838000,15.19999200,1577615949331,True,True
417,110601758,128.37000000,1.61400000,207.18918000,1577615949686,False,True
418,110601759,128.37000000,4.42372000,567.87293640,1577615949690,False,True
419,110601760,128.38000000,0.09315000,11.95859700,1577615949785,False,True
420,110601761,128.35000000,3.77000000,483.87950000,1577615950946,True,True
421,110601762,128.35000000,3.46264000,444.42984400,1577615950946,True,True
422,110601763,128.30000000,10.00000000,1283.00000000,1577615950946,True,True
423,110601764,128.30000000,6.13894000,787.62600200,1577615950946,True,True
424,110601765,128.30000000,9.44830000,1212.21689000,1577615950993,True,True
425,110601766,128.32000000,10.00000000,1283.20000000,1577615951053,False,True
426,110601767,128.36000000,0.13074000,16.78178640,1577615951177,False,True
427,110601768,128.26000000,2.18579000,280.34942540,1577615951867,True,True
428,110601769,128.28000000,0.30498000,39.12283440,1577615953561,False,True
429,110601770,128.27000000,0.08595000,11.02480650,1577615956179,False,True
430,110601771,128.27000000,0.08614000,11.04917780,1577615956532,False,True
431,110601772,128.26000000,0.38009000,48.75034340,1577615957281,False,True
432,110601773,128.26000000,0.08614000,11.04831640,1577615961141,False,True
433,110601774,128.28000000,0.09410000,12.07114800,1577615962222,False,True
434,110601775,128.27000000,0.17227000,22.09707290,1577615967780,False,True
435,110601776,128.27000000,0.08822000,11.31597940,1577615968431,False,True
436,110601777,128.26000000,0.17227000,22.09535020,1577615973746,False,True
437,110601778,128.28000000,0.08840000,11.33995200,1577615974647,False,True
438,110601779,128.23000000,0.26047000,33.40006810,1577615979789,True,True
439,110601780,128.28000000,0.08947000,11.47721160,1577615980962,False,True
440,110601781,128.23000000,0.26047000,33.40006810,1577615988096,True,True
441,110601782,128.28000000,0.08821000,11.31557880,1577615989306,False,True
442,110601783,128.22000000,2.25725000,289.42459500,1577615989986,True,True
443,110601784,128.22000000,0.69782000,89.47448040,1577615989986,True,True
444,110601785,128.21000000,1.32206000,169.50131260,1577615989986,True,True
445,110601786,128.23000000,0.26049000,33.40263270,1577615991560,True,True
446,110601787,128.28000000,0.08745000,11.21808600,1577615997762,False,True
447,110601788,128.21000000,0.26047000,33.39485870,1577615998635,True,True
448,110601789,128.23000000,0.25411000,32.58452530,1577616003216,False,True
449,110601790,128.21000000,0.51468000,65.98712280,1577616004490,False,True
450,110601791,128.23000000,0.08654000,11.09702420,1577616005945,False,True
451,110601792,128.22000000,2.66900000,342.21918000,1577616006609,False,True
452,110601793,128.24000000,0.09112000,11.68522880,1577616012200,False,True
453,110601794,128.24000000,0.14000000,17.95360000,1577616015596,False,True
454,110601795,128.21000000,0.60117000,77.07600570,1577616016966,True,True
455,110601796,128.23000000,0.38009000,48.73894070,1577616018231,False,True
456,110601797,128.25000000,0.08586000,11.01154500,1577616020442,False,True
457,110601798,128.26000000,1.00000000,128.26000000,1577616025001,True,True
458,110601799,128.26000000,1.00000000,128.26000000,1577616025110,True,True
459,110601800,128.23000000,0.60099000,77.06494770,1577616025834,True,True
460,110601801,128.28000000,0.09400000,12.05832000,1577616026594,False,True
461,110601802,128.27000000,0.65500000,84.01685000,1577616027103,True,True
462,110601803,128.28000000,0.09069000,11.63371320,1577616035044,False,True
463,110601804,128.28000000,0.60085000,77.07703800,1577616040144,True,True
464,110601805,128.28000000,0.09227000,11.83639560,1577616043256,False,True
465,110601806,128.26000000,0.60108000,77.09452080,1577616049310,False,True
466,110601807,128.26000000,0.10000000,12.82600000,1577616051391,False,True
467,110601808,128.26000000,0.09425000,12.08850500,1577616051475,False,True
468,110601809,128.25000000,2.09687000,268.92357750,1577616052289,False,True
469,110601810,128.28000000,0.09081000,11.64910680,1577616057940,False,True
470,110601811,128.25000000,2.89159000,370.84641750,1577616061121,True,True
471,110601812,128.28000000,3.34659000,429.30056520,1577616063844,False,True
472,110601813,128.29000000,1.67343000,214.68433470,1577616063844,False,True
473,110601814,128.28000000,0.08813000,11.30531640,1577616064126,False,True
474,110601815,128.26000000,1.68600000,216.24636000,1577616066324,True,True
475,110601816,128.27000000,2.89091000,370.81702570,1577616069661,True,True
476,110601817,128.30000000,0.09285000,11.91265500,1577616070331,False,True
477,110601818,128.28000000,0.09273000,11.89540440,1577616076599,False,True
478,110601819,128.26000000,2.89159000,370.87533340,1577616077476,True,True
479,110601820,128.25000000,0.17574000,22.53865500,1577616080019,True,True
480,110601821,128.27000000,0.08606000,11.03891620,1577616084826,False,True
481,110601822,128.23000000,2.89181000,370.81679630,1577616084945,True,True
482,110601823,128.23000000,0.87165000,111.77167950,1577616091756,True,True
483,110601824,128.25000000,2.02043000,259.12014750,1577616091760,False,True
484,110601825,128.27000000,0.09230000,11.83932100,1577616092985,False,True
485,110601826,128.27000000,0.20173000,25.87590710,1577616096199,False,True
486,110601827,128.30000000,2.26840000,291.03572000,1577616096199,False,True
487,110601828,128.30000000,2.33500000,299.58050000,1577616096823,False,True
488,110601829,128.25000000,2.89113000,370.78742250,1577616098903,True,True
489,110601830,128.28000000,0.08917000,11.43872760,1577616099218,False,True
490,110601831,128.27000000,0.26846000,34.43536420,1577616106975,True,True
491,110601832,128.26000000,2.62353000,336.49395780,1577616106975,True,True
492,110601833,128.28000000,0.08814000,11.30659920,1577616107429,False,True
493,110601834,128.25000000,0.63193000,81.04502250,1577616108424,True,True
494,110601835,128.22000000,3.41224000,437.51741280,1577616108424,True,True
495,110601836,128.22000000,1.48509000,190.41823980,1577616108424,True,True
496,110601837,128.21000000,11.22098000,1438.64184580,1577616108424,True,True
497,110601838,128.23000000,2.89181000,370.81679630,1577616113519,True,True
498,110601839,128.27000000,0.08769000,11.24799630,1577616113639,False,True
499,110601840,128.30000000,0.08832000,11.33145600,1577616119889,False,True
