,id,price,qty,quoteQty,time,isBuyerMaker,isBestMatch
0,110629678,131.72000000,4.99494000,657.93349680,1577634196632,True,True
1,110629679,131.74000000,0.56986000,75.07335640,1577634197358,True,True
2,110629680,131.76000000,1.75597000,231.36660720,1577634198896,False,True
3,110629681,131.73000000,1.59313000,209.86301490,1577634198962,True,True
4,110629682,131.76000000,0.09080000,11.96380800,1577634199327,False,True
5,110629683,131.75000000,1.84691000,243.33039250,1577634200759,False,True
6,110629684,131.74000000,1.46405000,192.87394700,1577634203879,False,True
7,110629685,131.75000000,4.03896000,532.13298000,1577634203938,True,True
8,110629686,131.74000000,0.96104000,126.60740960,1577634203938,True,True
9,110629687,131.76000000,1.16495000,153.49381200,1577634204421,False,True
10,110629688,131.78000000,0.08874000,11.69415720,1577634205535,False,True
11,110629689,131.75000000,1.74253000,229.57832750,1577634206350,True,True
12,110629690,131.74000000,2.81637000,371.02858380,1577634206350,True,True
13,110629691,131.73000000,0.44110000,58.10610300,1577634206350,True,True
14,110629692,131.77000000,3.31035000,436.20481950,1577634207878,False,True
15,110629693,131.76000000,2.44139000,321.67754640,1577634209588,False,True
16,110629694,131.75000000,9.09124000,1197.77087000,1577634211248,False,True
17,110629695,131.75000000,1.17800000,155.20150000,1577634211355,False,True
18,110629696,131.73000000,0.09489000,12.49985970,1577634211678,True,True
19,110629697,131.73000000,0.30079000,39.62306670,1577634211725,True,True
20,110629698,131.77000000,0.08483000,11.17804910,1577634211752,False,True
21,110629699,131.77000000,2.12962000,280.62002740,1577634214350,False,True
22,110629700,131.77000000,0.07590000,10.00134300,1577634216738,False,True
23,110629701,131.77000000,0.08524000,11.23207480,1577634219971,False,True
24,110629702,131.77000000,2.62441000,345.81850570,1577634220902,False,True
25,110629703,131.77000000,4.99959000,658.79597430,1577634220902,False,True
26,110629704,131.76000000,0.99552000,131.16971520,1577634221097,True,True
27,110629705,131.76000000,1.27599000,168.12444240,1577634223065,True,True
28,110629706,131.77000000,0.00041000,0.05402570,1577634225030,False,True
29,110629707,131.77000000,1.99959000,263.48597430,1577634225030,False,True
30,110629708,131.77000000,0.00041000,0.05402570,1577634228194,False,True
31,110629709,131.79000000,0.08845000,11.65682550,1577634228194,False,True
32,110629710,131.79000000,0.08398000,11.06772420,1577634234419,False,True
33,110629711,131.78000000,10.16500000,1339.54370000,1577634235279,True,True
34,110629712,131.77000000,4.47498000,589.66811460,1577634235279,True,True
35,110629713,131.77000000,0.35893000,47.29620610,1577634235279,True,True
36,110629714,131.77000000,0.23233000,30.61412410,1577634235327,True,True
37,110629715,131.76000000,8.02500000,1057.37400000,1577634235340,True,True
38,110629716,131.76000000,10.91400000,1438.02864000,1577634235340,True,True
39,110629717,131.76000000,15.06100000,1984.43736000,1577634235340,True,True
40,110629718,131.76000000,0.16578000,21.84317280,1577634235368,True,True
41,110629719,131.75000000,1.00000000,131.75000000,1577634235377,True,True
42,110629720,131.78000000,0.86800000,114.38504000,1577634235383,False,True
43,110629721,131.77000000,1.00000000,131.77000000,1577634235493,False,True
44,110629722,131.77000000,3.54900000,467.65173000,1577634235599,False,True
45,110629723,131.76000000,2.19714000,289.49516640,1577634235980,True,True
46,110629724,131.78000000,0.08861000,11.67702580,1577634240779,False,True
47,110629725,131.76000000,2.19749000,289.54128240,1577634242195,False,True
48,110629726,131.75000000,0.01716000,2.26083000,1577634244982,True,True
49,110629727,131.75000000,0.20815000,27.42376250,1577634244982,True,True
50,110629728,131.74000000,7.99999000,1053.91868260,1577634244982,True,True
51,110629729,131.73000000,3.02392000,398.34098160,1577634244982,True,True
52,110629730,131.73000000,0.22531000,29.68008630,1577634244999,True,True
53,110629731,131.79000000,0.02980000,3.92734200,1577634246827,False,True
54,110629732,131.80000000,0.05963000,7.85923400,1577634246827,False,True
55,110629733,131.80000000,0.09101000,11.99511800,1577634253044,False,True
56,110629734,131.76000000,2.19749000,289.54128240,1577634253074,False,True
57,110629735,131.75000000,2.47890000,326.59507500,1577634254196,True,True
58,110629736,131.75000000,0.94360000,124.31930000,1577634260205,True,True
59,110629737,131.79000000,0.09107000,12.00211530,1577634261262,False,True
60,110629738,131.77000000,2.19749000,289.56325730,1577634264088,False,True
61,110629739,131.79000000,0.08829000,11.63573910,1577634267647,False,True
62,110629740,131.79000000,0.20000000,26.35800000,1577634269827,False,True
63,110629741,131.79000000,0.00072000,0.09488880,1577634275686,False,True
64,110629742,131.79000000,0.09019000,11.88614010,1577634275686,False,True
65,110629743,131.77000000,0.49700000,65.48969000,1577634276305,False,True
66,110629744,131.79000000,1.00000000,131.79000000,1577634278735,False,True
67,110629745,131.77000000,0.20610000,27.15779700,1577634278743,True,True
68,110629746,131.77000000,2.40359000,316.72105430,1577634279786,True,True
69,110629747,131.78000000,0.74105000,97.65556900,1577634281278,True,True
70,110629748,131.76000000,0.30241000,39.84554160,1577634281278,True,True
71,110629749,131.76000000,0.55411000,73.00953360,1577634281278,True,True
72,110629750,131.75000000,3.40243000,448.27015250,1577634281278,True,True
73,110629751,131.79000000,0.08645000,11.39324550,1577634283906,False,True
74,110629752,131.76000000,3.14464000,414.33776640,1577634286227,True,True
75,110629753,131.77000000,3.14464000,414.36921280,1577634288344,True,True
76,110629754,131.78000000,0.08770000,11.55710600,1577634290120,False,True
77,110629755,131.78000000,3.60159000,474.61753020,1577634290794,True,True
78,110629756,131.75000000,1.02000000,134.38500000,1577634290794,True,True
79,110629757,131.75000000,0.37841000,49.85551750,1577634290794,True,True
80,110629758,131.79000000,0.09059000,11.93885610,1577634296359,False,True
81,110629759,131.79000000,0.08413000,11.08749270,1577634302576,False,True
82,110629760,131.78000000,0.89800000,118.33844000,1577634305729,False,True
83,110629761,131.78000000,0.48000000,63.25440000,1577634305845,False,True
84,110629762,131.78000000,0.17453000,22.99956340,1577634307138,False,True
85,110629763,131.78000000,0.17453000,22.99956340,1577634307159,False,True
86,110629764,131.78000000,0.08871000,11.69020380,1577634308764,False,True
87,110629765,131.76000000,0.18000000,23.71680000,1577634313041,True,True
88,110629766,131.76000000,0.00023000,0.03030480,1577634313384,True,True
89,110629767,131.74000000,15.18026000,1999.84745240,1577634314104,True,True
90,110629768,131.74000000,8.27511000,1090.16299140,1577634314104,True,True
91,110629769,131.74000000,5.61642000,739.90717080,1577634314121,True,True
92,110629770,131.74000000,2.13662000,281.47831880,1577634314126,True,True
93,110629771,131.74000000,4.05056000,533.62077440,1577634314126,True,True
94,110629772,131.74000000,0.16379000,21.57769460,1577634314126,True,True
95,110629773,131.72000000,3.70238000,487.67749360,1577634314293,True,True
96,110629774,131.74000000,7.00332000,922.61737680,1577634314356,False,True
97,110629775,131.74000000,19.99668000,2634.36262320,1577634314475,False,True
98,110629776,131.74000000,4.03131000,531.08477940,1577634314475,False,True
99,110629777,131.73000000,0.09087000,11.97030510,1577634314981,False,True
100,110629778,131.72000000,0.09148000,12.04974560,1577634315694,True,True
101,110629779,131.73000000,0.09148000,12.05066040,1577634315699,False,True
102,110629780,131.72000000,17.00000000,2239.24000000,1577634315823,False,True
103,110629781,131.71000000,0.09149000,12.05014790,1577634319747,False,True
104,110629782,131.70000000,1.30310000,171.61827000,1577634320275,True,True
105,110629783,131.71000000,0.08647000,11.38896370,1577634321198,False,True
106,110629784,131.70000000,2.43901000,321.21761700,1577634323281,False,True
107,110629785,131.69000000,1.51872000,200.00023680,1577634323292,True,True
108,110629786,131.68000000,2.61005000,343.69138400,1577634323639,True,True
109,110629787,131.70000000,2.02024000,266.06560800,1577634323794,False,True
110,110629788,131.70000000,0.97976000,129.03439200,1577634323794,False,True
111,110629789,131.69000000,2.53051000,333.24286190,1577634324095,False,True
112,110629790,131.70000000,1.30630000,172.03971000,1577634326178,False,True
113,110629791,131.69000000,0.89800000,118.25762000,1577634326836,False,True
114,110629792,131.69000000,3.31835000,436.99351150,1577634326956,False,True
115,110629793,131.70000000,0.08519000,11.21952300,1577634327406,False,True
116,110629794,131.69000000,1.92587000,253.61782030,1577634329264,True,True
117,110629795,131.70000000,0.75700000,99.69690000,1577634329774,False,True
118,110629796,131.69000000,0.00013000,0.01711970,1577634330915,True,True
119,110629797,131.68000000,12.61673000,1661.37100640,1577634330915,True,True
120,110629798,131.68000000,84.73620000,11158.06281600,1577634330915,True,True
121,110629799,131.69000000,0.39800000,52.41262000,1577634331033,False,True
122,110629800,131.69000000,2.73328000,359.94564320,1577634331134,False,True
123,110629801,131.69000000,0.99972000,131.65312680,1577634331134,False,True
124,110629802,131.68000000,0.16313000,21.48095840,1577634332270,True,True
125,110629803,131.68000000,1.23600000,162.75648000,1577634332389,False,True
126,110629804,131.67000000,3.74945000,493.69008150,1577634332400,True,True
127,110629805,131.68000000,1.59306000,209.77414080,1577634333025,False,True
128,110629806,131.67000000,16.92987000,2229.15598290,1577634333405,True,True
129,110629807,131.67000000,0.09117000,12.00435390,1577634333621,False,True
130,110629808,131.64000000,6.00000000,789.84000000,1577634335017,True,True
131,110629809,131.64000000,1.50627000,198.28538280,1577634335017,True,True
132,110629810,131.66000000,2.93063000,385.84674580,1577634335121,False,True
133,110629811,131.63000000,1.46458000,192.78266540,1577634335347,True,True
134,110629812,131.63000000,0.34263000,45.10038690,1577634335428,False,True
135,110629813,131.65000000,3.88008000,510.81253200,1577634335525,False,True
136,110629814,131.65000000,3.98235000,524.27637750,1577634335625,False,True
137,110629815,131.65000000,1.76075000,231.80273750,1577634335739,False,True
138,110629816,131.65000000,0.18600000,24.48690000,1577634335853,False,True
139,110629817,131.65000000,3.10038000,408.16502700,1577634337856,False,True
140,110629818,131.66000000,0.09031000,11.89021460,1577634339837,False,True
141,110629819,131.66000000,7.59650000,1000.15519000,1577634340461,False,True
142,110629820,131.66000000,15.31319000,2016.13459540,1577634340473,False,True
143,110629821,131.66000000,15.07391000,1984.63099060,1577634340473,False,True
144,110629822,131.66000000,15.19350000,2000.37621000,1577634340484,False,True
145,110629823,131.66000000,7.59590000,1000.07619400,1577634342512,False,True
146,110629824,131.66000000,28.84980000,3798.36466800,1577634342597,False,True
147,110629825,131.65000000,1.00000000,131.65000000,1577634344527,False,True
148,110629826,131.65000000,1.00000000,131.65000000,1577634344527,False,True
149,110629827,131.66000000,13.19180000,1736.83238800,1577634344527,False,True
150,110629828,131.66000000,13.62002000,1793.21183320,1577634344535,False,True
151,110629829,131.66000000,11.82638000,1557.06119080,1577634344537,False,True
152,110629830,131.66000000,7.59620000,1000.11569200,1577634344542,False,True
153,110629831,131.66000000,0.08764000,11.53868240,1577634346108,False,True
154,110629832,131.64000000,4.10759000,540.72314760,1577634346273,True,True
155,110629833,131.66000000,7.59620000,1000.11569200,1577634346605,False,True
156,110629834,131.66000000,4.69208000,617.75925280,1577634346610,False,True
157,110629835,131.66000000,4.69209000,617.76056940,1577634346612,False,True
158,110629836,131.65000000,1.51918000,200.00004700,1577634347113,True,True
159,110629837,131.64000000,1.89241000,249.11685240,1577634347113,True,True
160,110629838,131.63000000,1.58841000,209.08240830,1577634347113,True,True
161,110629839,131.63000000,0.12093000,15.91801590,1577634347494,True,True
162,110629840,131.62000000,0.83002000,109.24723240,1577634347494,True,True
163,110629841,131.62000000,1.05950000,139.45139000,1577634347494,True,True
164,110629842,131.66000000,7.59590000,1000.07619400,1577634348726,False,True
165,110629843,131.66000000,3.40003000,447.64794980,1577634351011,False,True
166,110629844,131.64000000,1.51930000,200.00065200,1577634352176,True,True
167,110629845,131.64000000,0.08858000,11.66067120,1577634352262,False,True
168,110629846,131.64000000,8.00000000,1053.12000000,1577634352302,False,True
169,110629847,131.63000000,9.95100000,1309.85013000,1577634353801,False,True
170,110629848,131.64000000,2.48775000,327.48741000,1577634355091,False,True
171,110629849,131.64000000,7.59710000,1000.08224400,1577634355125,False,True
172,110629850,131.64000000,3.27631000,431.29344840,1577634355137,False,True
173,110629851,131.64000000,1.97361000,259.80602040,1577634355137,False,True
174,110629852,131.66000000,1.41612000,186.44635920,1577634355137,False,True
175,110629853,131.66000000,3.56587000,469.48244420,1577634355137,False,True
176,110629854,131.63000000,1.69100000,222.58633000,1577634355319,True,True
177,110629855,131.63000000,0.09900000,13.03137000,1577634355408,True,True
178,110629856,131.64000000,5.00000000,658.20000000,1577634356358,True,True
179,110629857,131.64000000,0.51011000,67.15088040,1577634356534,True,True
180,110629858,131.63000000,0.49525000,65.18975750,1577634356534,True,True
181,110629859,131.65000000,15.21028000,2002.43336200,1577634356645,False,True
182,110629860,131.65000000,0.07672000,10.10018800,1577634356710,False,True
183,110629861,131.64000000,7.59710000,1000.08224400,1577634359179,False,True
184,110629862,131.63000000,0.08555000,11.26094650,1577634360488,False,True
185,110629863,131.63000000,1.32515000,174.42949450,1577634360727,False,True
186,110629864,131.63000000,2.31787000,305.10122810,1577634361753,False,True
187,110629865,131.66000000,0.46441000,61.14422060,1577634364129,False,True
188,110629866,131.66000000,7.59590000,1000.07619400,1577634365376,False,True
189,110629867,131.65000000,0.46448000,61.14879200,1577634365616,True,True
190,110629868,131.64000000,1.92600000,253.53864000,1577634365616,True,True
191,110629869,131.64000000,0.12261000,16.14038040,1577634365616,True,True
192,110629870,131.63000000,2.48691000,327.35196330,1577634365616,True,True
193,110629871,131.62000000,3.80014000,500.17442680,1577634366813,True,True
194,110629872,131.62000000,1.19986000,157.92557320,1577634366813,True,True
195,110629873,131.66000000,0.08753000,11.52419980,1577634366892,False,True
196,110629874,131.62000000,1.00617000,132.43209540,1577634366995,True,True
197,110629875,131.62000000,1.00632000,132.45183840,1577634367178,True,True
198,110629876,131.62000000,1.00511000,132.29257820,1577634367366,True,True
199,110629877,131.62000000,1.00718000,132.56503160,1577634367561,True,True
200,110629878,131.62000000,0.50308000,66.21538960,1577634367743,True,True
201,110629879,131.61000000,0.51832000,68.21609520,1577634367743,True,True
202,110629880,131.62000000,1.00291000,132.00301420,1577634367940,True,True
203,110629881,131.62000000,0.11653000,15.33767860,1577634368127,True,True
204,110629882,131.61000000,0.88629000,116.64462690,1577634368127,True,True
205,110629883,131.63000000,1.00126000,131.79585380,1577634368311,True,True
206,110629884,131.63000000,1.00273000,131.98934990,1577634368502,True,True
207,110629885,131.63000000,1.00337000,132.07359310,1577634368679,True,True
208,110629886,131.63000000,0.17063000,22.46002690,1577634368794,True,True
209,110629887,131.63000000,1.00204000,131.89852520,1577634368870,True,True
210,110629888,131.65000000,1.92600000,253.55790000,1577634369456,False,True
211,110629889,131.65000000,10.16500000,1338.22225000,1577634369456,False,True
212,110629890,131.65000000,3.10200000,408.37830000,1577634369456,False,True
213,110629891,131.65000000,2.39370000,315.13060500,1577634369558,False,True
214,110629892,131.63000000,1.00000000,131.63000000,1577634369600,True,True
215,110629893,131.61000000,2.90832000,382.76399520,1577634369600,True,True
216,110629894,131.62000000,1.00000000,131.62000000,1577634369806,True,True
217,110629895,131.61000000,0.03862000,5.08277820,1577634369806,True,True
218,110629896,131.65000000,2.37011000,312.02498150,1577634371484,False,True
219,110629897,131.65000000,3.61687000,476.16093550,1577634371486,False,True
220,110629898,131.65000000,3.96402000,521.86323300,1577634371493,False,True
221,110629899,131.65000000,3.63308000,478.29498200,1577634371493,False,True
222,110629900,131.61000000,8.00000000,1052.88000000,1577634371819,True,True
223,110629901,131.61000000,6.63676000,873.46398360,1577634371830,True,True
224,110629902,131.61000000,1.33324000,175.46771640,1577634371830,True,True
225,110629903,131.62000000,0.17108000,22.51754960,1577634371860,True,True
226,110629904,131.61000000,4.82892000,635.53416120,1577634371860,True,True
227,110629905,131.62000000,1.61999000,213.22308380,1577634372189,True,True
228,110629906,131.62000000,1.01078000,133.03886360,1577634372377,True,True
229,110629907,131.62000000,1.00234000,131.92799080,1577634372577,True,True
230,110629908,131.62000000,1.00418000,132.17017160,1577634372782,True,True
231,110629909,131.66000000,0.08934000,11.76250440,1577634372918,False,True
232,110629910,131.62000000,1.00026000,131.65422120,1577634372981,True,True
233,110629911,131.62000000,1.00771000,132.63479020,1577634373186,True,True
234,110629912,131.62000000,1.00744000,132.59925280,1577634373379,True,True
235,110629913,131.62000000,1.00145000,131.81084900,1577634373575,True,True
236,110629914,131.62000000,4.00000000,526.48000000,1577634373577,True,True
237,110629915,131.62000000,1.00228000,131.92009360,1577634373778,True,True
238,110629916,131.62000000,1.00276000,131.98327120,1577634373976,True,True
239,110629917,131.62000000,1.00849000,132.73745380,1577634374174,True,True
240,110629918,131.62000000,1.00079000,131.72397980,1577634374370,True,True
241,110629919,131.62000000,1.00816000,132.69401920,1577634374576,True,True
242,110629920,131.62000000,1.00489000,132.26362180,1577634374779,True,True
243,110629921,131.62000000,1.00926000,132.83880120,1577634374975,True,True
244,110629922,131.62000000,1.00308000,132.02538960,1577634375177,True,True
245,110629923,131.62000000,1.00554000,132.34917480,1577634375386,True,True
246,110629924,131.62000000,1.00037000,131.66869940,1577634375583,True,True
247,110629925,131.62000000,1.00337000,132.06355940,1577634375794,True,True
248,110629926,131.62000000,1.00358000,132.09119960,1577634375992,True,True
249,110629927,131.62000000,1.00586000,132.39129320,1577634376207,True,True
250,110629928,131.63000000,1.00689000,132.53693070,1577634376411,True,True
251,110629929,131.63000000,1.00012000,131.64579560,1577634376619,True,True
252,110629930,131.63000000,0.33519000,44.12105970,1577634376805,False,True
253,110629931,131.63000000,1.00000000,131.63000000,1577634376805,False,True
254,110629932,131.62000000,1.00465000,132.23203300,1577634376834,True,True
255,110629933,131.62000000,1.00067000,131.70818540,1577634377034,True,True
256,110629934,131.62000000,1.00542000,132.33338040,1577634377258,True,True
257,110629935,131.62000000,1.00307000,132.02407340,1577634377466,True,True
258,110629936,131.63000000,7.59680000,999.96678400,1577634377575,False,True
259,110629937,131.63000000,2.09170000,275.33047100,1577634377660,False,True
260,110629938,131.62000000,0.77387000,101.85676940,1577634377676,True,True
261,110629939,131.62000000,0.11719000,15.42454780,1577634377676,True,True
262,110629940,131.61000000,0.11318000,14.89561980,1577634377676,True,True
263,110629941,131.62000000,0.39900000,52.51638000,1577634377753,False,True
264,110629942,131.62000000,9.76493000,1285.26008660,1577634377796,False,True
265,110629943,131.62000000,0.00107000,0.14083340,1577634378023,False,True
266,110629944,131.63000000,1.22550000,161.31256500,1577634378348,False,True
267,110629945,131.63000000,9.95100000,1309.85013000,1577634378348,False,True
268,110629946,131.63000000,3.74170000,492.51997100,1577634378348,False,True
269,110629947,131.64000000,0.11640000,15.32289600,1577634378776,False,True
270,110629948,131.63000000,1.92600000,253.51938000,1577634379429,False,True
271,110629949,131.64000000,0.64300000,84.64452000,1577634379476,False,True
272,110629950,131.62000000,3.32125000,437.14292500,1577634379551,True,True
273,110629951,131.61000000,1.67875000,220.94028750,1577634379551,True,True
274,110629952,131.62000000,0.76463000,100.64060060,1577634379767,True,True
275,110629953,131.61000000,0.24124000,31.74959640,1577634379767,True,True
276,110629954,131.64000000,0.00080000,0.10531200,1577634381139,False,True
277,110629955,131.65000000,0.08343000,10.98355950,1577634381139,False,True
278,110629956,131.65000000,1.71607000,225.92061550,1577634381219,False,True
279,110629957,131.65000000,2.15032000,283.08962800,1577634381243,False,True
280,110629958,131.66000000,0.25308000,33.32051280,1577634381243,False,True
281,110629959,131.62000000,1.38568000,182.38320160,1577634381266,True,True
282,110629960,131.61000000,3.61432000,475.68065520,1577634381266,True,True
283,110629961,131.62000000,3.04102000,400.25905240,1577634381438,True,True
284,110629962,131.61000000,8.46569000,1114.16946090,1577634381438,True,True
285,110629963,131.60000000,3.86591000,508.75375600,1577634381438,True,True
286,110629964,131.65000000,3.88229000,511.10347850,1577634381674,False,True
287,110629965,131.65000000,3.71501000,489.08106650,1577634381674,False,True
288,110629966,131.62000000,2.13917000,281.55755540,1577634381738,True,True
289,110629967,131.62000000,0.48271000,63.53429020,1577634381962,True,True
290,110629968,131.61000000,0.52513000,69.11235930,1577634381962,True,True
291,110629969,131.62000000,0.60358000,79.44319960,1577634382185,True,True
292,110629970,131.61000000,0.40248000,52.97039280,1577634382185,True,True
293,110629971,131.63000000,1.00000000,131.63000000,1577634382415,True,True
294,110629972,131.63000000,0.00828000,1.08989640,1577634382415,True,True
295,110629973,131.64000000,1.00000000,131.64000000,1577634382633,True,True
296,110629974,131.63000000,0.00563000,0.74107690,1577634382633,True,True
297,110629975,131.62000000,0.60572000,79.72486640,1577634382857,True,True
298,110629976,131.62000000,0.39687000,52.23602940,1577634382857,True,True
299,110629977,131.62000000,0.60313000,79.38397060,1577634383079,True,True
300,110629978,131.61000000,0.39943000,52.56898230,1577634383079,True,True
301,110629979,131.62000000,5.00000000,658.10000000,1577634385449,True,True
302,110629980,131.62000000,1.00763000,132.62426060,1577634385671,True,True
303,110629981,131.66000000,1.75059000,230.48267940,1577634385770,False,True
304,110629982,131.66000000,6.77889000,892.50865740,1577634385774,False,True
305,110629983,131.62000000,1.00507000,132.28731340,1577634385908,True,True
306,110629984,131.62000000,1.00667000,132.49790540,1577634386135,True,True
307,110629985,131.66000000,0.09046000,11.90996360,1577634387346,False,True
308,110629986,131.66000000,8.35421000,1099.91528860,1577634387781,False,True
309,110629987,131.66000000,3.90639000,514.31530740,1577634387781,False,True
310,110629988,131.66000000,0.76790000,101.10171400,1577634388490,True,True
311,110629989,131.69000000,10.34033000,1361.71805770,1577634389031,False,True
312,110629990,131.69000000,0.03393000,4.46824170,1577634390690,False,True
313,110629991,131.72000000,2.24534000,295.75618480,1577634390707,True,True
314,110629992,131.71000000,2.75466000,362.81626860,1577634390707,True,True
315,110629993,131.71000000,18.00000000,2370.78000000,1577634390728,True,True
316,110629994,131.71000000,0.19198000,25.28568580,1577634390808,True,True
317,110629995,131.71000000,0.25821000,34.00883910,1577634390911,True,True
318,110629996,131.71000000,0.00016000,0.02107360,1577634391405,True,True
319,110629997,131.70000000,2.68425000,353.51572500,1577634391405,True,True
320,110629998,131.70000000,5.00000000,658.50000000,1577634391448,True,True
321,110629999,131.67000000,1.92600000,253.59642000,1577634393358,True,True
322,110630000,131.66000000,3.07400000,404.72284000,1577634393358,True,True
323,110630001,131.66000000,0.52231000,68.76733460,1577634393476,True,True
324,110630002,131.66000000,3.47769000,457.87266540,1577634393476,True,True
325,110630003,131.66000000,7.50661000,988.32027260,1577634393530,True,True
326,110630004,131.66000000,0.52724000,69.41641840,1577634393616,True,True
327,110630005,131.65000000,0.61868000,81.44922200,1577634393616,True,True
328,110630006,131.68000000,0.86800000,114.29824000,1577634393836,False,True
329,110630007,131.65000000,1.00118000,131.80534700,1577634393838,True,True
330,110630008,131.65000000,1.00558000,132.38460700,1577634394054,True,True
331,110630009,131.65000000,4.00000000,526.60000000,1577634394077,True,True
332,110630010,131.65000000,1.37455000,180.95950750,1577634394096,True,True
333,110630011,131.67000000,0.89800000,118.23966000,1577634394160,False,True
334,110630012,131.63000000,4.00000000,526.52000000,1577634394173,True,True
335,110630013,131.68000000,0.08570000,11.28497600,1577634395567,False,True
336,110630014,131.64000000,5.00000000,658.20000000,1577634395625,True,True
337,110630015,131.67000000,0.84500000,111.26115000,1577634395956,False,True
338,110630016,131.67000000,0.89800000,118.23966000,1577634396055,False,True
339,110630017,131.67000000,0.89800000,118.23966000,1577634396172,False,True
340,110630018,131.67000000,0.23924000,31.50073080,1577634396619,False,True
341,110630019,131.67000000,2.88006000,379.21750020,1577634397095,False,True
342,110630020,131.68000000,0.04630000,6.09678400,1577634397454,False,True
343,110630021,131.67000000,3.56173000,468.97298910,1577634397670,True,True
344,110630022,131.66000000,0.35873000,47.23039180,1577634397670,True,True
345,110630023,131.66000000,4.07954000,537.11223640,1577634397670,True,True
346,110630024,131.66000000,9.91800000,1305.80388000,1577634397691,True,True
347,110630025,131.66000000,1.19194000,156.93082040,1577634397695,True,True
348,110630026,131.66000000,0.76641000,100.90554060,1577634397695,True,True
349,110630027,131.65000000,1.92600000,253.55790000,1577634397695,True,True
350,110630028,131.64000000,0.11565000,15.22416600,1577634397695,True,True
351,110630029,131.68000000,1.00000000,131.68000000,1577634397961,False,True
352,110630030,131.68000000,1.27500000,167.89200000,1577634398365,False,True
353,110630031,131.64000000,0.80000000,105.31200000,1577634399238,True,True
354,110630032,131.66000000,2.59381000,341.50102460,1577634399309,True,True
355,110630033,131.68000000,0.00056000,0.07374080,1577634400295,False,True
356,110630034,131.69000000,0.09129000,12.02198010,1577634401779,False,True
357,110630035,131.67000000,2.09676000,276.08038920,1577634402168,True,True
358,110630036,131.69000000,0.40685000,53.57807650,1577634402302,True,True
359,110630037,131.68000000,1.92600000,253.61568000,1577634402302,True,True
360,110630038,131.68000000,2.66715000,351.21031200,1577634402302,True,True
361,110630039,131.69000000,0.40685000,53.57807650,1577634405300,True,True
362,110630040,131.69000000,0.08233000,10.84203770,1577634405300,True,True
363,110630041,131.68000000,7.51082000,989.02477760,1577634405300,True,True
364,110630042,131.68000000,0.73603000,96.92043040,1577634405309,True,True
365,110630043,131.68000000,7.26397000,956.51956960,1577634405309,True,True
366,110630044,131.68000000,2.00000000,263.36000000,1577634406295,True,True
367,110630045,131.69000000,0.84900000,111.80481000,1577634406393,False,True
368,110630046,131.67000000,2.08844000,274.98489480,1577634407477,True,True
369,110630047,131.70000000,0.08361000,11.01143700,1577634407988,False,True
370,110630048,131.68000000,0.93615000,123.27223200,1577634410167,True,True
371,110630049,131.68000000,0.36300000,47.79984000,1577634414509,False,True
372,110630050,131.68000000,0.09594000,12.63337920,1577634414775,False,True
373,110630051,131.67000000,2.59381000,341.52696270,1577634416193,True,True
374,110630052,131.68000000,0.08457000,11.13617760,1577634416209,False,True
375,110630053,131.68000000,0.45649000,60.11060320,1577634417490,False,True
376,110630054,131.68000000,0.44151000,58.13803680,1577634417490,False,True
377,110630055,131.68000000,0.55800000,73.47744000,1577634417595,False,True
378,110630056,131.67000000,0.07983000,10.51121610,1577634418698,True,True
379,110630057,131.70000000,0.09315000,12.26785500,1577634423102,False,True
380,110630058,131.72000000,1.42185000,187.28608200,1577634423102,False,True
381,110630059,131.71000000,1.00000000,131.71000000,1577634423884,True,True
382,110630060,131.68000000,4.00000000,526.72000000,1577634423884,True,True
383,110630061,131.71000000,0.39932000,52.59443720,1577634424210,True,True
384,110630062,131.72000000,0.08918000,11.74678960,1577634424418,False,True
385,110630063,131.71000000,0.60068000,79.11556280,1577634426807,True,True
386,110630064,131.70000000,15.18487000,1999.84737900,1577634426807,True,True
387,110630065,131.69000000,0.58300000,76.77527000,1577634429155,False,True
388,110630066,131.69000000,0.08600000,11.32534000,1577634429265,False,True
389,110630067,131.69000000,0.33100000,43.58939000,1577634429384,False,True
390,110630068,131.69000000,0.19200000,25.28448000,1577634430426,False,True
391,110630069,131.69000000,0.01023000,1.34718870,1577634430637,False,True
392,110630070,131.70000000,0.07675000,10.10797500,1577634430637,False,True
393,110630071,131.70000000,0.28500000,37.53450000,1577634432739,False,True
394,110630072,131.70000000,2.53600000,333.99120000,1577634433983,False,True
395,110630073,131.69000000,1.62599000,214.12662310,1577634434146,False,True
396,110630074,131.70000000,0.08500000,11.19450000,1577634436851,False,True
397,110630075,131.69000000,0.13300000,17.51477000,1577634437462,False,True
398,110630076,131.69000000,0.24700000,32.52743000,1577634437667,False,True
399,110630077,131.69000000,0.00007000,0.00921830,1577634438126,False,True
400,110630078,131.70000000,10.11912000,1332.68810400,1577634438126,False,True
401,110630079,131.70000000,0.89800000,118.26660000,1577634439788,False,True
402,110630080,131.70000000,12.55655000,1653.69763500,1577634440487,False,True
403,110630081,131.70000000,8.36331000,1101.44792700,1577634440525,False,True
404,110630082,131.70000000,0.50000000,65.85000000,1577634440525,False,True
405,110630083,131.70000000,5.00000000,658.50000000,1577634440591,True,True
406,110630084,131.72000000,6.48896000,854.72581120,1577634440769,False,True
407,110630085,131.73000000,2.64693000,348.68008890,1577634441885,True,True
408,110630086,131.72000000,1.92600000,253.69272000,1577634441885,True,True
409,110630087,131.71000000,0.42707000,56.24938970,1577634441885,True,True
410,110630088,131.73000000,3.44314000,453.56483220,1577634442728,True,True
411,110630089,131.73000000,1.00007000,131.73922110,1577634442968,True,True
412,110630090,131.73000000,1.00543000,132.44529390,1577634443216,True,True
413,110630091,131.73000000,1.00148000,131.92496040,1577634443473,True,True
414,110630092,131.73000000,1.00223000,132.02375790,1577634443723,True,True
415,110630093,131.73000000,1.02744000,135.34467120,1577634443981,True,True
416,110630094,131.74000000,1.01255000,133.39333700,1577634444233,True,True
417,110630095,131.74000000,1.01032000,133.09955680,1577634444481,True,True
418,110630096,131.75000000,0.08819000,11.61903250,1577634445068,False,True
419,110630097,131.73000000,0.09489000,12.49985970,1577634446261,True,True
420,110630098,131.70000000,4.90511000,646.00298700,1577634446261,True,True
421,110630099,131.75000000,1.00000000,131.75000000,1577634446699,True,True
422,110630100,131.71000000,0.71420000,94.06728200,1577634446699,True,True
423,110630101,131.75000000,1.00000000,131.75000000,1577634446949,True,True
424,110630102,131.71000000,0.00509000,0.67040390,1577634446949,True,True
425,110630103,131.71000000,0.30408000,40.05037680,1577634447195,True,True
426,110630104,131.71000000,0.57041000,75.12870110,1577634448804,True,True
427,110630105,131.73000000,0.10500000,13.83165000,1577634448961,False,True
428,110630106,131.73000000,0.66900000,88.12737000,1577634449073,False,True
429,110630107,131.73000000,0.00040000,0.05269200,1577634451284,False,True
430,110630108,131.76000000,0.08513000,11.21672880,1577634451284,False,True
431,110630109,131.76000000,0.11525000,15.18534000,1577634451398,False,True
432,110630110,131.76000000,0.01175000,1.54818000,1577634451398,False,True
433,110630111,131.73000000,2.59381000,341.68259130,1577634453104,True,True
434,110630112,131.76000000,1.08981000,143.59336560,1577634455238,False,True
435,110630113,131.74000000,2.59381000,341.70852940,1577634456469,True,True
436,110630114,131.74000000,0.00036000,0.04742640,1577634456546,True,True
437,110630115,131.73000000,0.12206000,16.07896380,1577634456546,True,True
438,110630116,131.73000000,0.00030000,0.03951900,1577634456546,True,True
439,110630117,131.71000000,1.92600000,253.67346000,1577634457129,True,True
440,110630118,131.71000000,1.92600000,253.67346000,1577634457129,True,True
441,110630119,131.70000000,10.59915000,1395.90805500,1577634457129,True,True
442,110630120,131.76000000,0.08925000,11.75958000,1577634457498,False,True
443,110630121,131.72000000,1.02866000,135.49509520,1577634458729,True,True
444,110630122,131.74000000,0.26326000,34.68187240,1577634460693,True,True
445,110630123,131.73000000,2.59417000,341.73001410,1577634460699,True,True
446,110630124,131.73000000,0.65811000,86.69283030,1577634461501,True,True
447,110630125,131.74000000,0.12680000,16.70463200,1577634463598,True,True
448,110630126,131.76000000,0.08893000,11.71741680,1577634463707,False,True
449,110630127,131.76000000,0.08410000,11.08101600,1577634469929,False,True
450,110630128,131.76000000,1.31131000,172.77820560,1577634473734,False,True
451,110630129,131.79000000,5.13606000,676.88134740,1577634473734,False,True
452,110630130,131.79000000,1.51258000,199.34291820,1577634474011,False,True
453,110630131,131.80000000,3.50725000,462.25555000,1577634474011,False,True
454,110630132,131.78000000,1.61048000,212.22905440,1577634475600,False,True
455,110630133,131.78000000,5.00000000,658.90000000,1577634475745,False,True
456,110630134,131.78000000,18.89285000,2489.69977300,1577634475988,False,True
457,110630135,131.78000000,1.95458000,257.57455240,1577634476120,True,True
458,110630136,131.78000000,3.04542000,401.32544760,1577634476120,True,True
459,110630137,131.80000000,0.08995000,11.85541000,1577634476139,False,True
460,110630138,131.80000000,1.25216000,165.03468800,1577634477152,False,True
461,110630139,131.80000000,0.70392000,92.77665600,1577634477152,False,True
462,110630140,131.80000000,1.14847000,151.36834600,1577634477153,False,True
463,110630141,131.80000000,1.28742000,169.68195600,1577634477155,False,True
464,110630142,131.80000000,1.86019000,245.17304200,1577634477156,False,True
465,110630143,131.80000000,0.05198000,6.85096400,1577634477156,False,True
466,110630144,131.80000000,1.80049000,237.30458200,1577634477156,False,True
467,110630145,131.80000000,2.48215000,327.14737000,1577634477157,False,True
468,110630146,131.81000000,1.32205000,174.25941050,1577634477159,False,True
469,110630147,131.81000000,1.16010000,152.91278100,1577634477159,False,True
470,110630148,131.81000000,2.32635000,306.63619350,1577634477171,False,True
471,110630149,131.81000000,1.51355000,199.50102550,1577634477190,False,True
472,110630150,131.81000000,0.15877000,20.92747370,1577634477190,False,True
473,110630151,131.81000000,0.09123000,12.02502630,1577634477195,False,True
474,110630152,131.82000000,11.00000000,1450.02000000,1577634477223,False,True
475,110630153,131.82000000,11.00000000,1450.02000000,1577634477232,False,True
476,110630154,131.80000000,4.20910000,554.75938000,1577634477281,True,True
477,110630155,131.82000000,11.00000000,1450.02000000,1577634477295,False,True
478,110630156,131.81000000,0.18268000,24.07905080,1577634477410,True,True
479,110630157,131.82000000,0.40280000,53.09709600,1577634477464,False,True
480,110630158,131.82000000,1.13700000,149.87934000,1577634477492,False,True
481,110630159,131.81000000,0.95807000,126.28320670,1577634477526,True,True
482,110630160,131.81000000,0.78525000,103.50380250,1577634477572,True,True
483,110630161,131.81000000,0.21662000,28.55268220,1577634477572,True,True
484,110630162,131.81000000,0.29933000,39.45468730,1577634477665,True,True
485,110630163,131.81000000,1.00649000,132.66544690,1577634477858,True,True
486,110630164,131.82000000,12.00000000,1581.84000000,1577634477891,False,True
487,110630165,131.82000000,1.79200000,236.22144000,1577634478003,False,True
488,110630166,131.81000000,1.00078000,131.91281180,1577634478134,True,True
489,110630167,131.81000000,1.00107000,131.95103670,1577634478421,True,True
490,110630168,131.81000000,0.12760000,16.81895600,1577634478565,True,True
491,110630169,131.81000000,1.00249000,132.13820690,1577634478716,True,True
492,110630170,131.81000000,0.56811000,74.88257910,1577634479693,True,True
493,110630171,131.81000000,2.43244000,320.61991640,1577634480131,True,True
494,110630172,131.79000000,0.58410000,76.97853900,1577634481372,True,True
495,110630173,131.79000000,3.40390000,448.59998100,1577634481372,True,True
496,110630174,131.82000000,0.00011000,0.01450020,1577634482348,False,True
497,110630175,131.82000000,0.09070000,11.95607400,1577634482348,False,True
498,110630176,131.81000000,7.99999000,1054.47868190,1577634482968,True,True
499,110630177,131.81000000,0.30404000,40.07551240,1577634484575,True,True
