,id,price,qty,quoteQty,time,isBuyerMaker,isBestMatch
0,110629757,131.75000000,0.37841000,49.85551750,1577634290794,True,True
1,110629758,131.79000000,0.09059000,11.93885610,1577634296359,False,True
2,110629759,131.79000000,0.08413000,11.08749270,1577634302576,False,True
3,110629760,131.78000000,0.89800000,118.33844000,1577634305729,False,True
4,110629761,131.78000000,0.48000000,63.25440000,1577634305845,False,True
5,110629762,131.78000000,0.17453000,22.99956340,1577634307138,False,True
6,110629763,131.78000000,0.17453000,22.99956340,1577634307159,False,True
7,110629764,131.78000000,0.08871000,11.69020380,1577634308764,False,True
8,110629765,131.76000000,0.18000000,23.71680000,1577634313041,True,True
9,110629766,131.76000000,0.00023000,0.03030480,1577634313384,True,True
10,110629767,131.74000000,15.18026000,1999.84745240,1577634314104,True,True
11,110629768,131.74000000,8.27511000,1090.16299140,1577634314104,True,True
12,110629769,131.74000000,5.61642000,739.90717080,1577634314121,True,True
13,110629770,131.74000000,2.13662000,281.47831880,1577634314126,True,True
14,110629771,131.74000000,4.05056000,533.62077440,1577634314126,True,True
15,110629772,131.74000000,0.16379000,21.57769460,1577634314126,True,True
16,110629773,131.72000000,3.70238000,487.67749360,1577634314293,True,True
17,110629774,131.74000000,7.00332000,922.61737680,1577634314356,False,True
18,110629775,131.74000000,19.99668000,2634.36262320,1577634314475,False,True
19,110629776,131.74000000,4.03131000,531.08477940,1577634314475,False,True
20,110629777,131.73000000,0.09087000,11.97030510,1577634314981,False,True
21,110629778,131.72000000,0.09148000,12.04974560,1577634315694,True,True
22,110629779,131.73000000,0.09148000,12.05066040,1577634315699,False,True
23,110629780,131.72000000,17.00000000,2239.24000000,1577634315823,False,True
24,110629781,131.71000000,0.09149000,12.05014790,1577634319747,False,True
25,110629782,131.70000000,1.30310000,171.61827000,1577634320275,True,True
26,110629783,131.71000000,0.08647000,11.38896370,1577634321198,False,True
27,110629784,131.70000000,2.43901000,321.21761700,1577634323281,False,True
28,110629785,131.69000000,1.51872000,200.00023680,1577634323292,True,True
29,110629786,131.68000000,2.61005000,343.69138400,1577634323639,True,True
30,110629787,131.70000000,2.02024000,266.06560800,1577634323794,False,True
31,110629788,131.70000000,0.97976000,129.03439200,1577634323794,False,True
32,110629789,131.69000000,2.53051000,333.24286190,1577634324095,False,True
33,110629790,131.70000000,1.30630000,172.03971000,1577634326178,False,True
34,110629791,131.69000000,0.89800000,118.25762000,1577634326836,False,True
35,110629792,131.69000000,3.31835000,436.99351150,1577634326956,False,True
36,110629793,131.70000000,0.08519000,11.21952300,1577634327406,False,True
37,110629794,131.69000000,1.92587000,253.61782030,1577634329264,True,True
38,110629795,131.70000000,0.75700000,99.69690000,1577634329774,False,True
39,110629796,131.69000000,0.00013000,0.01711970,1577634330915,True,True
40,110629797,131.68000000,12.61673000,1661.37100640,1577634330915,True,True
41,110629798,131.68000000,84.73620000,11158.06281600,1577634330915,True,True
42,110629799,131.69000000,0.39800000,52.41262000,1577634331033,False,True
43,110629800,131.69000000,2.73328000,359.94564320,1577634331134,False,True
44,110629801,131.69000000,0.99972000,131.65312680,1577634331134,False,True
45,110629802,131.68000000,0.16313000,21.48095840,1577634332270,True,True
46,110629803,131.68000000,1.23600000,162.75648000,1577634332389,False,True
47,110629804,131.67000000,3.74945000,493.69008150,1577634332400,True,True
48,110629805,131.68000000,1.59306000,209.77414080,1577634333025,False,True
49,110629806,131.67000000,16.92987000,2229.15598290,1577634333405,True,True
50,110629807,131.67000000,0.09117000,12.00435390,1577634333621,False,True
51,110629808,131.64000000,6.00000000,789.84000000,1577634335017,True,True
52,110629809,131.64000000,1.50627000,198.28538280,1577634335017,True,True
53,110629810,131.66000000,2.93063000,385.84674580,1577634335121,False,True
54,110629811,131.63000000,1.46458000,192.78266540,1577634335347,True,True
55,110629812,131.63000000,0.34263000,45.10038690,1577634335428,False,True
56,110629813,131.65000000,3.88008000,510.81253200,1577634335525,False,True
57,110629814,131.65000000,3.98235000,524.27637750,1577634335625,False,True
58,110629815,131.65000000,1.76075000,231.80273750,1577634335739,False,True
59,110629816,131.65000000,0.18600000,24.48690000,1577634335853,False,True
60,110629817,131.65000000,3.10038000,408.16502700,1577634337856,False,True
61,110629818,131.66000000,0.09031000,11.89021460,1577634339837,False,True
62,110629819,131.66000000,7.59650000,1000.15519000,1577634340461,False,True
63,110629820,131.66000000,15.31319000,2016.13459540,1577634340473,False,True
64,110629821,131.66000000,15.07391000,1984.63099060,1577634340473,False,True
65,110629822,131.66000000,15.19350000,2000.37621000,1577634340484,False,True
66,110629823,131.66000000,7.59590000,1000.07619400,1577634342512,False,True
67,110629824,131.66000000,28.84980000,3798.36466800,1577634342597,False,True
68,110629825,131.65000000,1.00000000,131.65000000,1577634344527,False,True
69,110629826,131.65000000,1.00000000,131.65000000,1577634344527,False,True
70,110629827,131.66000000,13.19180000,1736.83238800,1577634344527,False,True
71,110629828,131.66000000,13.62002000,1793.21183320,1577634344535,False,True
72,110629829,131.66000000,11.82638000,1557.06119080,1577634344537,False,True
73,110629830,131.66000000,7.59620000,1000.11569200,1577634344542,False,True
74,110629831,131.66000000,0.08764000,11.53868240,1577634346108,False,True
75,110629832,131.64000000,4.10759000,540.72314760,1577634346273,True,True
76,110629833,131.66000000,7.59620000,1000.11569200,1577634346605,False,True
77,110629834,131.66000000,4.69208000,617.75925280,1577634346610,False,True
78,110629835,131.66000000,4.69209000,617.76056940,1577634346612,False,True
79,110629836,131.65000000,1.51918000,200.00004700,1577634347113,True,True
80,110629837,131.64000000,1.89241000,249.11685240,1577634347113,True,True
81,110629838,131.63000000,1.58841000,209.08240830,1577634347113,True,True
82,110629839,131.63000000,0.12093000,15.91801590,1577634347494,True,True
83,110629840,131.62000000,0.83002000,109.24723240,1577634347494,True,True
84,110629841,131.62000000,1.05950000,139.45139000,1577634347494,True,True
85,110629842,131.66000000,7.59590000,1000.07619400,1577634348726,False,True
86,110629843,131.66000000,3.40003000,447.64794980,1577634351011,False,True
87,110629844,131.64000000,1.51930000,200.00065200,1577634352176,True,True
88,110629845,131.64000000,0.08858000,11.66067120,1577634352262,False,True
89,110629846,131.64000000,8.00000000,1053.12000000,1577634352302,False,True
90,110629847,131.63000000,9.95100000,1309.85013000,1577634353801,False,True
91,110629848,131.64000000,2.48775000,327.48741000,1577634355091,False,True
92,110629849,131.64000000,7.59710000,1000.08224400,1577634355125,False,True
93,110629850,131.64000000,3.27631000,431.29344840,1577634355137,False,True
94,110629851,131.64000000,1.97361000,259.80602040,1577634355137,False,True
95,110629852,131.66000000,1.41612000,186.44635920,1577634355137,False,True
96,110629853,131.66000000,3.56587000,469.48244420,1577634355137,False,True
97,110629854,131.63000000,1.69100000,222.58633000,1577634355319,True,True
98,110629855,131.63000000,0.09900000,13.03137000,1577634355408,True,True
99,110629856,131.64000000,5.00000000,658.20000000,1577634356358,True,True
100,110629857,131.64000000,0.51011000,67.15088040,1577634356534,True,True
101,110629858,131.63000000,0.49525000,65.18975750,1577634356534,True,True
102,110629859,131.65000000,15.21028000,2002.43336200,1577634356645,False,True
103,110629860,131.65000000,0.07672000,10.10018800,1577634356710,False,True
104,110629861,131.64000000,7.59710000,1000.08224400,1577634359179,False,True
105,110629862,131.63000000,0.08555000,11.26094650,1577634360488,False,True
106,110629863,131.63000000,1.32515000,174.42949450,1577634360727,False,True
107,110629864,131.63000000,2.31787000,305.10122810,1577634361753,False,True
108,110629865,131.66000000,0.46441000,61.14422060,1577634364129,False,True
109,110629866,131.66000000,7.59590000,1000.07619400,1577634365376,False,True
110,110629867,131.65000000,0.46448000,61.14879200,1577634365616,True,True
111,110629868,131.64000000,1.92600000,253.53864000,1577634365616,True,True
112,110629869,131.64000000,0.12261000,16.14038040,1577634365616,True,True
113,110629870,131.63000000,2.48691000,327.35196330,1577634365616,True,True
114,110629871,131.62000000,3.80014000,500.17442680,1577634366813,True,True
115,110629872,131.62000000,1.19986000,157.92557320,1577634366813,True,True
116,110629873,131.66000000,0.08753000,11.52419980,1577634366892,False,True
117,110629874,131.62000000,1.00617000,132.43209540,1577634366995,True,True
118,110629875,131.62000000,1.00632000,132.45183840,1577634367178,True,True
119,110629876,131.62000000,1.00511000,132.29257820,1577634367366,True,True
120,110629877,131.62000000,1.00718000,132.56503160,1577634367561,True,True
121,110629878,131.62000000,0.50308000,66.21538960,1577634367743,True,True
122,110629879,131.61000000,0.51832000,68.21609520,1577634367743,True,True
123,110629880,131.62000000,1.00291000,132.00301420,1577634367940,True,True
124,110629881,131.62000000,0.11653000,15.33767860,1577634368127,True,True
125,110629882,131.61000000,0.88629000,116.64462690,1577634368127,True,True
126,110629883,131.63000000,1.00126000,131.79585380,1577634368311,True,True
127,110629884,131.63000000,1.00273000,131.98934990,1577634368502,True,True
128,110629885,131.63000000,1.00337000,132.07359310,1577634368679,True,True
129,110629886,131.63000000,0.17063000,22.46002690,1577634368794,True,True
130,110629887,131.63000000,1.00204000,131.89852520,1577634368870,True,True
131,110629888,131.65000000,1.92600000,253.55790000,1577634369456,False,True
132,110629889,131.65000000,10.16500000,1338.22225000,1577634369456,False,True
133,110629890,131.65000000,3.10200000,408.37830000,1577634369456,False,True
134,110629891,131.65000000,2.39370000,315.13060500,1577634369558,False,True
135,110629892,131.63000000,1.00000000,131.63000000,1577634369600,True,True
136,110629893,131.61000000,2.90832000,382.76399520,1577634369600,True,True
137,110629894,131.62000000,1.00000000,131.62000000,1577634369806,True,True
138,110629895,131.61000000,0.03862000,5.08277820,1577634369806,True,True
139,110629896,131.65000000,2.37011000,312.02498150,1577634371484,False,True
140,110629897,131.65000000,3.61687000,476.16093550,1577634371486,False,True
141,110629898,131.65000000,3.96402000,521.86323300,1577634371493,False,True
142,110629899,131.65000000,3.63308000,478.29498200,1577634371493,False,True
143,110629900,131.61000000,8.00000000,1052.88000000,1577634371819,True,True
144,110629901,131.61000000,6.63676000,873.46398360,1577634371830,True,True
145,110629902,131.61000000,1.33324000,175.46771640,1577634371830,True,True
146,110629903,131.62000000,0.17108000,22.51754960,1577634371860,True,True
147,110629904,131.61000000,4.82892000,635.53416120,1577634371860,True,True
148,110629905,131.62000000,1.61999000,213.22308380,1577634372189,True,True
149,110629906,131.62000000,1.01078000,133.03886360,1577634372377,True,True
150,110629907,131.62000000,1.00234000,131.92799080,1577634372577,True,True
151,110629908,131.62000000,1.00418000,132.17017160,1577634372782,True,True
152,110629909,131.66000000,0.08934000,11.76250440,1577634372918,False,True
153,110629910,131.62000000,1.00026000,131.65422120,1577634372981,True,True
154,110629911,131.62000000,1.00771000,132.63479020,1577634373186,True,True
155,110629912,131.62000000,1.00744000,132.59925280,1577634373379,True,True
156,110629913,131.62000000,1.00145000,131.81084900,1577634373575,True,True
157,110629914,131.62000000,4.00000000,526.48000000,1577634373577,True,True
158,110629915,131.62000000,1.00228000,131.92009360,1577634373778,True,True
159,110629916,131.62000000,1.00276000,131.98327120,1577634373976,True,True
160,110629917,131.62000000,1.00849000,132.73745380,1577634374174,True,True
161,110629918,131.62000000,1.00079000,131.72397980,1577634374370,True,True
162,110629919,131.62000000,1.00816000,132.69401920,1577634374576,True,True
163,110629920,131.62000000,1.00489000,132.26362180,1577634374779,True,True
164,110629921,131.62000000,1.00926000,132.83880120,1577634374975,True,True
165,110629922,131.62000000,1.00308000,132.02538960,1577634375177,True,True
166,110629923,131.62000000,1.00554000,132.34917480,1577634375386,True,True
167,110629924,131.62000000,1.00037000,131.66869940,1577634375583,True,True
168,110629925,131.62000000,1.00337000,132.06355940,1577634375794,True,True
169,110629926,131.62000000,1.00358000,132.09119960,1577634375992,True,True
170,110629927,131.62000000,1.00586000,132.39129320,1577634376207,True,True
171,110629928,131.63000000,1.00689000,132.53693070,1577634376411,True,True
172,110629929,131.63000000,1.00012000,131.64579560,1577634376619,True,True
173,110629930,131.63000000,0.33519000,44.12105970,1577634376805,False,True
174,110629931,131.63000000,1.00000000,131.63000000,1577634376805,False,True
175,110629932,131.62000000,1.00465000,132.23203300,1577634376834,True,True
176,110629933,131.62000000,1.00067000,131.70818540,1577634377034,True,True
177,110629934,131.62000000,1.00542000,132.33338040,1577634377258,True,True
178,110629935,131.62000000,1.00307000,132.02407340,1577634377466,True,True
179,110629936,131.63000000,7.59680000,999.96678400,1577634377575,False,True
180,110629937,131.63000000,2.09170000,275.33047100,1577634377660,False,True
181,110629938,131.62000000,0.77387000,101.85676940,1577634377676,True,True
182,110629939,131.62000000,0.11719000,15.42454780,1577634377676,True,True
183,110629940,131.61000000,0.11318000,14.89561980,1577634377676,True,True
184,110629941,131.62000000,0.39900000,52.51638000,1577634377753,False,True
185,110629942,131.62000000,9.76493000,1285.26008660,1577634377796,False,True
186,110629943,131.62000000,0.00107000,0.14083340,1577634378023,False,True
187,110629944,131.63000000,1.22550000,161.31256500,1577634378348,False,True
188,110629945,131.63000000,9.95100000,1309.85013000,1577634378348,False,True
189,110629946,131.63000000,3.74170000,492.51997100,1577634378348,False,True
190,110629947,131.64000000,0.11640000,15.32289600,1577634378776,False,True
191,110629948,131.63000000,1.92600000,253.51938000,1577634379429,False,True
192,110629949,131.64000000,0.64300000,84.64452000,1577634379476,False,True
193,110629950,131.62000000,3.32125000,437.14292500,1577634379551,True,True
194,110629951,131.61000000,1.67875000,220.94028750,1577634379551,True,True
195,110629952,131.62000000,0.76463000,100.64060060,1577634379767,True,True
196,110629953,131.61000000,0.24124000,31.74959640,1577634379767,True,True
197,110629954,131.64000000,0.00080000,0.10531200,1577634381139,False,True
198,110629955,131.65000000,0.08343000,10.98355950,1577634381139,False,True
199,110629956,131.65000000,1.71607000,225.92061550,1577634381219,False,True
200,110629957,131.65000000,2.15032000,283.08962800,1577634381243,False,True
201,110629958,131.66000000,0.25308000,33.32051280,1577634381243,False,True
202,110629959,131.62000000,1.38568000,182.38320160,1577634381266,True,True
203,110629960,131.61000000,3.61432000,475.68065520,1577634381266,True,True
204,110629961,131.62000000,3.04102000,400.25905240,1577634381438,True,True
205,110629962,131.61000000,8.46569000,1114.16946090,1577634381438,True,True
206,110629963,131.60000000,3.86591000,508.75375600,1577634381438,True,True
207,110629964,131.65000000,3.88229000,511.10347850,1577634381674,False,True
208,110629965,131.65000000,3.71501000,489.08106650,1577634381674,False,True
209,110629966,131.62000000,2.13917000,281.55755540,1577634381738,True,True
210,110629967,131.62000000,0.48271000,63.53429020,1577634381962,True,True
211,110629968,131.61000000,0.52513000,69.11235930,1577634381962,True,True
212,110629969,131.62000000,0.60358000,79.44319960,1577634382185,True,True
213,110629970,131.61000000,0.40248000,52.97039280,1577634382185,True,True
214,110629971,131.63000000,1.00000000,131.63000000,1577634382415,True,True
215,110629972,131.63000000,0.00828000,1.08989640,1577634382415,True,True
216,110629973,131.64000000,1.00000000,131.64000000,1577634382633,True,True
217,110629974,131.63000000,0.00563000,0.74107690,1577634382633,True,True
218,110629975,131.62000000,0.60572000,79.72486640,1577634382857,True,True
219,110629976,131.62000000,0.39687000,52.23602940,1577634382857,True,True
220,110629977,131.62000000,0.60313000,79.38397060,1577634383079,True,True
221,110629978,131.61000000,0.39943000,52.56898230,1577634383079,True,True
222,110629979,131.62000000,5.00000000,658.10000000,1577634385449,True,True
223,110629980,131.62000000,1.00763000,132.62426060,1577634385671,True,True
224,110629981,131.66000000,1.75059000,230.48267940,1577634385770,False,True
225,110629982,131.66000000,6.77889000,892.50865740,1577634385774,False,True
226,110629983,131.62000000,1.00507000,132.28731340,1577634385908,True,True
227,110629984,131.62000000,1.00667000,132.49790540,1577634386135,True,True
228,110629985,131.66000000,0.09046000,11.90996360,1577634387346,False,True
229,110629986,131.66000000,8.35421000,1099.91528860,1577634387781,False,True
230,110629987,131.66000000,3.90639000,514.31530740,1577634387781,False,True
231,110629988,131.66000000,0.76790000,101.10171400,1577634388490,True,True
232,110629989,131.69000000,10.34033000,1361.71805770,1577634389031,False,True
233,110629990,131.69000000,0.03393000,4.46824170,1577634390690,False,True
234,110629991,131.72000000,2.24534000,295.75618480,1577634390707,True,True
235,110629992,131.71000000,2.75466000,362.81626860,1577634390707,True,True
236,110629993,131.71000000,18.00000000,2370.78000000,1577634390728,True,True
237,110629994,131.71000000,0.19198000,25.28568580,1577634390808,True,True
238,110629995,131.71000000,0.25821000,34.00883910,1577634390911,True,True
239,110629996,131.71000000,0.00016000,0.02107360,1577634391405,True,True
240,110629997,131.70000000,2.68425000,353.51572500,1577634391405,True,True
241,110629998,131.70000000,5.00000000,658.50000000,1577634391448,True,True
242,110629999,131.67000000,1.92600000,253.59642000,1577634393358,True,True
243,110630000,131.66000000,3.07400000,404.72284000,1577634393358,True,True
244,110630001,131.66000000,0.52231000,68.76733460,1577634393476,True,True
245,110630002,131.66000000,3.47769000,457.87266540,1577634393476,True,True
246,110630003,131.66000000,7.50661000,988.32027260,1577634393530,True,True
247,110630004,131.66000000,0.52724000,69.41641840,1577634393616,True,True
248,110630005,131.65000000,0.61868000,81.44922200,1577634393616,True,True
249,110630006,131.68000000,0.86800000,114.29824000,1577634393836,False,True
250,110630007,131.65000000,1.00118000,131.80534700,1577634393838,True,True
251,110630008,131.65000000,1.00558000,132.38460700,1577634394054,True,True
252,110630009,131.65000000,4.00000000,526.60000000,1577634394077,True,True
253,110630010,131.65000000,1.37455000,180.95950750,1577634394096,True,True
254,110630011,131.67000000,0.89800000,118.23966000,1577634394160,False,True
255,110630012,131.63000000,4.00000000,526.52000000,1577634394173,True,True
256,110630013,131.68000000,0.08570000,11.28497600,1577634395567,False,True
257,110630014,131.64000000,5.00000000,658.20000000,1577634395625,True,True
258,110630015,131.67000000,0.84500000,111.26115000,1577634395956,False,True
259,110630016,131.67000000,0.89800000,118.23966000,1577634396055,False,True
260,110630017,131.67000000,0.89800000,118.23966000,1577634396172,False,True
261,110630018,131.67000000,0.23924000,31.50073080,1577634396619,False,True
262,110630019,131.67000000,2.88006000,379.21750020,1577634397095,False,True
263,110630020,131.68000000,0.04630000,6.09678400,1577634397454,False,True
264,110630021,131.67000000,3.56173000,468.97298910,1577634397670,True,True
265,110630022,131.66000000,0.35873000,47.23039180,1577634397670,True,True
266,110630023,131.66000000,4.07954000,537.11223640,1577634397670,True,True
267,110630024,131.66000000,9.91800000,1305.80388000,1577634397691,True,True
268,110630025,131.66000000,1.19194000,156.93082040,1577634397695,True,True
269,110630026,131.66000000,0.76641000,100.90554060,1577634397695,True,True
270,110630027,131.65000000,1.92600000,253.55790000,1577634397695,True,True
271,110630028,131.64000000,0.11565000,15.22416600,1577634397695,True,True
272,110630029,131.68000000,1.00000000,131.68000000,1577634397961,False,True
273,110630030,131.68000000,1.27500000,167.89200000,1577634398365,False,True
274,110630031,131.64000000,0.80000000,105.31200000,1577634399238,True,True
275,110630032,131.66000000,2.59381000,341.50102460,1577634399309,True,True
276,110630033,131.68000000,0.00056000,0.07374080,1577634400295,False,True
277,110630034,131.69000000,0.09129000,12.02198010,1577634401779,False,True
278,110630035,131.67000000,2.09676000,276.08038920,1577634402168,True,True
279,110630036,131.69000000,0.40685000,53.57807650,1577634402302,True,True
280,110630037,131.68000000,1.92600000,253.61568000,1577634402302,True,True
281,110630038,131.68000000,2.66715000,351.21031200,1577634402302,True,True
282,110630039,131.69000000,0.40685000,53.57807650,1577634405300,True,True
283,110630040,131.69000000,0.08233000,10.84203770,1577634405300,True,True
284,110630041,131.68000000,7.51082000,989.02477760,1577634405300,True,True
285,110630042,131.68000000,0.73603000,96.92043040,1577634405309,True,True
286,110630043,131.68000000,7.26397000,956.51956960,1577634405309,True,True
287,110630044,131.68000000,2.00000000,263.36000000,1577634406295,True,True
288,110630045,131.69000000,0.84900000,111.80481000,1577634406393,False,True
289,110630046,131.67000000,2.08844000,274.98489480,1577634407477,True,True
290,110630047,131.70000000,0.08361000,11.01143700,1577634407988,False,True
291,110630048,131.68000000,0.93615000,123.27223200,1577634410167,True,True
292,110630049,131.68000000,0.36300000,47.79984000,1577634414509,False,True
293,110630050,131.68000000,0.09594000,12.63337920,1577634414775,False,True
294,110630051,131.67000000,2.59381000,341.52696270,1577634416193,True,True
295,110630052,131.68000000,0.08457000,11.13617760,1577634416209,False,True
296,110630053,131.68000000,0.45649000,60.11060320,1577634417490,False,True
297,110630054,131.68000000,0.44151000,58.13803680,1577634417490,False,True
298,110630055,131.68000000,0.55800000,73.47744000,1577634417595,False,True
299,110630056,131.67000000,0.07983000,10.51121610,1577634418698,True,True
300,110630057,131.70000000,0.09315000,12.26785500,1577634423102,False,True
301,110630058,131.72000000,1.42185000,187.28608200,1577634423102,False,True
302,110630059,131.71000000,1.00000000,131.71000000,1577634423884,True,True
303,110630060,131.68000000,4.00000000,526.72000000,1577634423884,True,True
304,110630061,131.71000000,0.39932000,52.59443720,1577634424210,True,True
305,110630062,131.72000000,0.08918000,11.74678960,1577634424418,False,True
306,110630063,131.71000000,0.60068000,79.11556280,1577634426807,True,True
307,110630064,131.70000000,15.18487000,1999.84737900,1577634426807,True,True
308,110630065,131.69000000,0.58300000,76.77527000,1577634429155,False,True
309,110630066,131.69000000,0.08600000,11.32534000,1577634429265,False,True
310,110630067,131.69000000,0.33100000,43.58939000,1577634429384,False,True
311,110630068,131.69000000,0.19200000,25.28448000,1577634430426,False,True
312,110630069,131.69000000,0.01023000,1.34718870,1577634430637,False,True
313,110630070,131.70000000,0.07675000,10.10797500,1577634430637,False,True
314,110630071,131.70000000,0.28500000,37.53450000,1577634432739,False,True
315,110630072,131.70000000,2.53600000,333.99120000,1577634433983,False,True
316,110630073,131.69000000,1.62599000,214.12662310,1577634434146,False,True
317,110630074,131.70000000,0.08500000,11.19450000,1577634436851,False,True
318,110630075,131.69000000,0.13300000,17.51477000,1577634437462,False,True
319,110630076,131.69000000,0.24700000,32.52743000,1577634437667,False,True
320,110630077,131.69000000,0.00007000,0.00921830,1577634438126,False,True
321,110630078,131.70000000,10.11912000,1332.68810400,1577634438126,False,True
322,110630079,131.70000000,0.89800000,118.26660000,1577634439788,False,True
323,110630080,131.70000000,12.55655000,1653.69763500,1577634440487,False,True
324,110630081,131.70000000,8.36331000,1101.44792700,1577634440525,False,True
325,110630082,131.70000000,0.50000000,65.85000000,1577634440525,False,True
326,110630083,131.70000000,5.00000000,658.50000000,1577634440591,True,True
327,110630084,131.72000000,6.48896000,854.72581120,1577634440769,False,True
328,110630085,131.73000000,2.64693000,348.68008890,1577634441885,True,True
329,110630086,131.72000000,1.92600000,253.69272000,1577634441885,True,True
330,110630087,131.71000000,0.42707000,56.24938970,1577634441885,True,True
331,110630088,131.73000000,3.44314000,453.56483220,1577634442728,True,True
332,110630089,131.73000000,1.00007000,131.73922110,1577634442968,True,True
333,110630090,131.73000000,1.00543000,132.44529390,1577634443216,True,True
334,110630091,131.73000000,1.00148000,131.92496040,1577634443473,True,True
335,110630092,131.73000000,1.00223000,132.02375790,1577634443723,True,True
336,110630093,131.73000000,1.02744000,135.34467120,1577634443981,True,True
337,110630094,131.74000000,1.01255000,133.39333700,1577634444233,True,True
338,110630095,131.74000000,1.01032000,133.09955680,1577634444481,True,True
339,110630096,131.75000000,0.08819000,11.61903250,1577634445068,False,True
340,110630097,131.73000000,0.09489000,12.49985970,1577634446261,True,True
341,110630098,131.70000000,4.90511000,646.00298700,1577634446261,True,True
342,110630099,131.75000000,1.00000000,131.75000000,1577634446699,True,True
343,110630100,131.71000000,0.71420000,94.06728200,1577634446699,True,True
344,110630101,131.75000000,1.00000000,131.75000000,1577634446949,True,True
345,110630102,131.71000000,0.00509000,0.67040390,1577634446949,True,True
346,110630103,131.71000000,0.30408000,40.05037680,1577634447195,True,True
347,110630104,131.71000000,0.57041000,75.12870110,1577634448804,True,True
348,110630105,131.73000000,0.10500000,13.83165000,1577634448961,False,True
349,110630106,131.73000000,0.66900000,88.12737000,1577634449073,False,True
350,110630107,131.73000000,0.00040000,0.05269200,1577634451284,False,True
351,110630108,131.76000000,0.08513000,11.21672880,1577634451284,False,True
352,110630109,131.76000000,0.11525000,15.18534000,1577634451398,False,True
353,110630110,131.76000000,0.01175000,1.54818000,1577634451398,False,True
354,110630111,131.73000000,2.59381000,341.68259130,1577634453104,True,True
355,110630112,131.76000000,1.08981000,143.59336560,1577634455238,False,True
356,110630113,131.74000000,2.59381000,341.70852940,1577634456469,True,True
357,110630114,131.74000000,0.00036000,0.04742640,1577634456546,True,True
358,110630115,131.73000000,0.12206000,16.07896380,1577634456546,True,True
359,110630116,131.73000000,0.00030000,0.03951900,1577634456546,True,True
360,110630117,131.71000000,1.92600000,253.67346000,1577634457129,True,True
361,110630118,131.71000000,1.92600000,253.67346000,1577634457129,True,True
362,110630119,131.70000000,10.59915000,1395.90805500,1577634457129,True,True
363,110630120,131.76000000,0.08925000,11.75958000,1577634457498,False,True
364,110630121,131.72000000,1.02866000,135.49509520,1577634458729,True,True
365,110630122,131.74000000,0.26326000,34.68187240,1577634460693,True,True
366,110630123,131.73000000,2.59417000,341.73001410,1577634460699,True,True
367,110630124,131.73000000,0.65811000,86.69283030,1577634461501,True,True
368,110630125,131.74000000,0.12680000,16.70463200,1577634463598,True,True
369,110630126,131.76000000,0.08893000,11.71741680,1577634463707,False,True
370,110630127,131.76000000,0.08410000,11.08101600,1577634469929,False,True
371,110630128,131.76000000,1.31131000,172.77820560,1577634473734,False,True
372,110630129,131.79000000,5.13606000,676.88134740,1577634473734,False,True
373,110630130,131.79000000,1.51258000,199.34291820,1577634474011,False,True
374,110630131,131.80000000,3.50725000,462.25555000,1577634474011,False,True
375,110630132,131.78000000,1.61048000,212.22905440,1577634475600,False,True
376,110630133,131.78000000,5.00000000,658.90000000,1577634475745,False,True
377,110630134,131.78000000,18.89285000,2489.69977300,1577634475988,False,True
378,110630135,131.78000000,1.95458000,257.57455240,1577634476120,True,True
379,110630136,131.78000000,3.04542000,401.32544760,1577634476120,True,True
380,110630137,131.80000000,0.08995000,11.85541000,1577634476139,False,True
381,110630138,131.80000000,1.25216000,165.03468800,1577634477152,False,True
382,110630139,131.80000000,0.70392000,92.77665600,1577634477152,False,True
383,110630140,131.80000000,1.14847000,151.36834600,1577634477153,False,True
384,110630141,131.80000000,1.28742000,169.68195600,1577634477155,False,True
385,110630142,131.80000000,1.86019000,245.17304200,1577634477156,False,True
386,110630143,131.80000000,0.05198000,6.85096400,1577634477156,False,True
387,110630144,131.80000000,1.80049000,237.30458200,1577634477156,False,True
388,110630145,131.80000000,2.48215000,327.14737000,1577634477157,False,True
389,110630146,131.81000000,1.32205000,174.25941050,1577634477159,False,True
390,110630147,131.81000000,1.16010000,152.91278100,1577634477159,False,True
391,110630148,131.81000000,2.32635000,306.63619350,1577634477171,False,True
392,110630149,131.81000000,1.51355000,199.50102550,1577634477190,False,True
393,110630150,131.81000000,0.15877000,20.92747370,1577634477190,False,True
394,110630151,131.81000000,0.09123000,12.02502630,1577634477195,False,True
395,110630152,131.82000000,11.00000000,1450.02000000,1577634477223,False,True
396,110630153,131.82000000,11.00000000,1450.02000000,1577634477232,False,True
397,110630154,131.80000000,4.20910000,554.75938000,1577634477281,True,True
398,110630155,131.82000000,11.00000000,1450.02000000,1577634477295,False,True
399,110630156,131.81000000,0.18268000,24.07905080,1577634477410,True,True
400,110630157,131.82000000,0.40280000,53.09709600,1577634477464,False,True
401,110630158,131.82000000,1.13700000,149.87934000,1577634477492,False,True
402,110630159,131.81000000,0.95807000,126.28320670,1577634477526,True,True
403,110630160,131.81000000,0.78525000,103.50380250,1577634477572,True,True
404,110630161,131.81000000,0.21662000,28.55268220,1577634477572,True,True
405,110630162,131.81000000,0.29933000,39.45468730,1577634477665,True,True
406,110630163,131.81000000,1.00649000,132.66544690,1577634477858,True,True
407,110630164,131.82000000,12.00000000,1581.84000000,1577634477891,False,True
408,110630165,131.82000000,1.79200000,236.22144000,1577634478003,False,True
409,110630166,131.81000000,1.00078000,131.91281180,1577634478134,True,True
410,110630167,131.81000000,1.00107000,131.95103670,1577634478421,True,True
411,110630168,131.81000000,0.12760000,16.81895600,1577634478565,True,True
412,110630169,131.81000000,1.00249000,132.13820690,1577634478716,True,True
413,110630170,131.81000000,0.56811000,74.88257910,1577634479693,True,True
414,110630171,131.81000000,2.43244000,320.61991640,1577634480131,True,True
415,110630172,131.79000000,0.58410000,76.97853900,1577634481372,True,True
416,110630173,131.79000000,3.40390000,448.59998100,1577634481372,True,True
417,110630174,131.82000000,0.00011000,0.01450020,1577634482348,False,True
418,110630175,131.82000000,0.09070000,11.95607400,1577634482348,False,True
419,110630176,131.81000000,7.99999000,1054.47868190,1577634482968,True,True
420,110630177,131.81000000,0.30404000,40.07551240,1577634484575,True,True
421,110630178,131.82000000,0.51861000,68.36317020,1577634488293,False,True
422,110630179,131.82000000,0.09115000,12.01539300,1577634488562,False,True
423,110630180,131.83000000,0.55317000,72.92440110,1577634490854,True,True
424,110630181,131.83000000,2.53392000,334.04667360,1577634491492,True,True
425,110630182,131.84000000,0.10000000,13.18400000,1577634493696,False,True
426,110630183,131.84000000,0.05173000,6.82008320,1577634493696,False,True
427,110630184,131.83000000,0.22500000,29.66175000,1577634496344,True,True
428,110630185,131.84000000,0.08763000,11.55313920,1577634496788,False,True
429,110630186,131.83000000,0.38010000,50.10858300,1577634497371,True,True
430,110630187,131.84000000,0.08358000,11.01918720,1577634503220,False,True
431,110630188,131.84000000,0.13600000,17.93024000,1577634503981,False,True
432,110630189,131.84000000,0.21618000,28.50117120,1577634503981,False,True
433,110630190,131.84000000,0.15682000,20.67514880,1577634503981,False,True
434,110630191,131.83000000,0.19981000,26.34095230,1577634504489,True,True
435,110630192,131.84000000,0.84318000,111.16485120,1577634504609,False,True
436,110630193,131.84000000,1.99982000,263.65626880,1577634504609,False,True
437,110630194,131.84000000,0.00018000,0.02373120,1577634508485,False,True
438,110630195,131.84000000,0.98882000,130.36602880,1577634508485,False,True
439,110630196,131.84000000,0.67900000,89.51936000,1577634508589,False,True
440,110630197,131.84000000,8.86800000,1169.15712000,1577634509215,False,True
441,110630198,131.83000000,0.20620000,27.18334600,1577634509417,True,True
442,110630199,131.84000000,0.48318000,63.70245120,1577634509717,True,True
443,110630200,131.84000000,2.56655000,338.37395200,1577634509717,True,True
444,110630201,131.83000000,1.95027000,257.10409410,1577634509717,True,True
445,110630202,131.84000000,0.21000000,27.68640000,1577634510591,False,True
446,110630203,131.84000000,0.09077000,11.96711680,1577634511311,False,True
447,110630204,131.84000000,0.45400000,59.85536000,1577634513008,False,True
448,110630205,131.84000000,22.00100000,2900.61184000,1577634513117,False,True
449,110630206,131.83000000,0.37957000,50.03871310,1577634514926,True,True
450,110630207,131.83000000,0.00273000,0.35989590,1577634514926,True,True
451,110630208,131.84000000,2.94253000,387.94315520,1577634517146,True,True
452,110630209,131.83000000,0.70555000,93.01265650,1577634517146,True,True
453,110630210,131.83000000,0.10212000,13.46247960,1577634517146,True,True
454,110630211,131.83000000,1.00000000,131.83000000,1577634517146,True,True
455,110630212,131.83000000,0.24980000,32.93113400,1577634517146,True,True
456,110630213,131.83000000,0.16926000,22.31354580,1577634517549,True,True
457,110630214,131.84000000,2.10651000,277.72227840,1577634519223,False,True
458,110630215,131.84000000,10.43349000,1375.55132160,1577634519223,False,True
459,110630216,131.84000000,0.08662000,11.41998080,1577634519434,False,True
460,110630217,131.84000000,5.47900000,722.35136000,1577634519953,False,True
461,110630218,131.83000000,8.00000000,1054.64000000,1577634520425,True,True
462,110630219,131.83000000,5.00000000,659.15000000,1577634520431,True,True
463,110630220,131.83000000,8.00000000,1054.64000000,1577634520439,True,True
464,110630221,131.84000000,0.00089000,0.11733760,1577634520493,False,True
465,110630222,131.84000000,13.99911000,1845.64266240,1577634520493,False,True
466,110630223,131.84000000,0.00089000,0.11733760,1577634521556,False,True
467,110630224,131.84000000,1.00000000,131.84000000,1577634521556,False,True
468,110630225,131.84000000,0.99911000,131.72266240,1577634521556,False,True
469,110630226,131.84000000,0.00089000,0.11733760,1577634521663,False,True
470,110630227,131.84000000,0.99911000,131.72266240,1577634521663,False,True
471,110630228,131.84000000,0.00089000,0.11733760,1577634522962,False,True
472,110630229,131.85000000,0.09973000,13.14940050,1577634522962,False,True
473,110630230,131.83000000,0.34727000,45.78060410,1577634525006,True,True
474,110630231,131.83000000,12.00000000,1581.96000000,1577634525864,True,True
475,110630232,131.83000000,8.00000000,1054.64000000,1577634525889,True,True
476,110630233,131.83000000,0.07886000,10.39611380,1577634527493,True,True
477,110630234,131.82000000,3.90914000,515.30283480,1577634527493,True,True
478,110630235,131.84000000,0.08846000,11.66256640,1577634527651,False,True
479,110630236,131.83000000,1.13873000,150.11877590,1577634529158,True,True
480,110630237,131.82000000,4.32453000,570.05954460,1577634529369,True,True
481,110630238,131.81000000,2.26696000,298.80799760,1577634529369,True,True
482,110630239,131.81000000,0.37930000,49.99553300,1577634529521,True,True
483,110630240,131.81000000,0.47000000,61.95070000,1577634531318,False,True
484,110630241,131.80000000,0.50681000,66.79755800,1577634532785,True,True
485,110630242,131.80000000,0.53400000,70.38120000,1577634532909,False,True
486,110630243,131.82000000,0.08754000,11.53952280,1577634533867,False,True
487,110630244,131.80000000,1.92600000,253.84680000,1577634538485,False,True
488,110630245,131.80000000,2.93300000,386.56940000,1577634538485,False,True
489,110630246,131.80000000,5.51000000,726.21800000,1577634538793,False,True
490,110630247,131.82000000,4.91934000,648.46739880,1577634539484,True,True
491,110630248,131.81000000,0.08066000,10.63179460,1577634539484,True,True
492,110630249,131.81000000,0.09043000,11.91957830,1577634542069,False,True
493,110630250,131.80000000,0.09117000,12.01620600,1577634542474,False,True
494,110630251,131.81000000,4.49600000,592.61776000,1577634543587,False,True
495,110630252,131.82000000,2.03962000,268.86270840,1577634544422,False,True
496,110630253,131.82000000,2.26253000,298.24670460,1577634544422,False,True
497,110630254,131.82000000,6.34200000,836.00244000,1577634544651,False,True
498,110630255,131.82000000,0.00085000,0.11204700,1577634548313,False,True
499,110630256,131.85000000,0.08279000,10.91586150,1577634548313,False,True
