,id,price,qty,quoteQty,time,isBuyerMaker,isBestMatch
0,110598279,128.21000000,0.16260000,20.84694600,1577610858799,True,True
1,110598280,128.21000000,1.93497000,248.08250370,1577610858803,True,True
2,110598281,128.21000000,3.49616000,448.24267360,1577610858818,True,True
3,110598282,128.21000000,2.30031000,294.92274510,1577610858820,True,True
4,110598283,128.21000000,1.48529000,190.42903090,1577610858822,True,True
5,110598284,128.21000000,7.00000000,897.47000000,1577610859037,True,True
6,110598285,128.21000000,0.30540000,39.15533400,1577610859061,True,True
7,110598286,128.20000000,0.64844000,83.13000800,1577610859078,True,True
8,110598287,128.20000000,1.03222000,132.33060400,1577610859078,True,True
9,110598288,128.20000000,0.67956000,87.11959200,1577610859078,True,True
10,110598289,128.20000000,11.86708000,1521.35965600,1577610859123,True,True
11,110598290,128.20000000,1.13292000,145.24034400,1577610859123,True,True
12,110598291,128.20000000,0.11708000,15.00965600,1577610859464,True,True
13,110598292,128.19000000,1.45727000,186.80744130,1577610859702,True,True
14,110598293,128.19000000,2.52937000,324.23994030,1577610859702,True,True
15,110598294,128.19000000,1.95073000,250.06407870,1577610859702,True,True
16,110598295,128.19000000,16.26263000,2084.70653970,1577610859702,True,True
17,110598296,128.17000000,15.00000000,1922.55000000,1577610859961,True,True
18,110598297,128.18000000,0.09986000,12.80005480,1577610859980,False,True
19,110598298,128.16000000,0.09128000,11.69844480,1577610859988,True,True
20,110598299,128.16000000,5.00000000,640.80000000,1577610859998,True,True
21,110598300,128.18000000,1.12222000,143.84615960,1577610860146,False,True
22,110598301,128.15000000,0.62520000,80.11938000,1577610860286,True,True
23,110598302,128.15000000,17.39991000,2229.79846650,1577610860526,True,True
24,110598303,128.15000000,6.54382000,838.59053300,1577610860526,True,True
25,110598304,128.15000000,1.26136000,161.64328400,1577610860704,True,True
26,110598305,128.15000000,10.00000000,1281.50000000,1577610860704,True,True
27,110598306,128.14000000,2.03800000,261.14932000,1577610860772,True,True
28,110598307,128.14000000,1.45560000,186.52058400,1577610860772,True,True
29,110598308,128.14000000,0.54440000,69.75941600,1577610860772,True,True
30,110598309,128.17000000,1.25000000,160.21250000,1577610861189,False,True
31,110598310,128.17000000,6.74999000,865.14621830,1577610861756,False,True
32,110598311,128.18000000,0.63798000,81.77627640,1577610861756,False,True
33,110598312,128.18000000,0.41173000,52.77555140,1577610861756,False,True
34,110598313,128.17000000,3.93314000,504.11055380,1577610862311,False,True
35,110598314,128.18000000,1.06686000,136.75011480,1577610862311,False,True
36,110598315,128.18000000,1.51691000,194.43752380,1577610862400,False,True
37,110598316,128.16000000,1.24760000,159.89241600,1577610862706,False,True
38,110598317,128.16000000,15.17147000,1944.37559520,1577610862800,False,True
39,110598318,128.16000000,2.91254000,373.27112640,1577610862867,False,True
40,110598319,128.16000000,0.24597000,31.52351520,1577610864127,False,True
41,110598320,128.15000000,1.00000000,128.15000000,1577610867050,True,True
42,110598321,128.13000000,0.08797000,11.27159610,1577610868216,True,True
43,110598322,128.15000000,2.90900000,372.78835000,1577610869264,False,True
44,110598323,128.15000000,0.00047000,0.06023050,1577610869541,False,True
45,110598324,128.17000000,0.17421000,22.32849570,1577610869541,False,True
46,110598325,128.15000000,3.00000000,384.45000000,1577610870721,False,True
47,110598326,128.15000000,0.90947000,116.54858050,1577610870742,False,True
48,110598327,128.15000000,0.09053000,11.60141950,1577610870742,False,True
49,110598328,128.15000000,0.48400000,62.02460000,1577610870763,False,True
50,110598329,128.15000000,0.36100000,46.26215000,1577610871463,False,True
51,110598330,128.13000000,0.08964000,11.48557320,1577610874464,True,True
52,110598331,128.14000000,0.09003000,11.53644420,1577610880879,True,True
53,110598332,128.14000000,0.02315000,2.96644100,1577610886901,True,True
54,110598333,128.14000000,0.06698000,8.58281720,1577610886901,True,True
55,110598334,128.15000000,0.00055000,0.07048250,1577610888160,False,True
56,110598335,128.17000000,0.40191000,51.51280470,1577610888160,False,True
57,110598336,128.17000000,1.64654000,211.03703180,1577610888160,False,True
58,110598337,128.18000000,3.90868000,501.01460240,1577610888160,False,True
59,110598338,128.19000000,1.84135000,236.04265650,1577610888160,False,True
60,110598339,128.19000000,7.79903000,999.75765570,1577610888196,False,True
61,110598340,128.15000000,3.93282000,503.99088300,1577610889360,True,True
62,110598341,128.15000000,0.40873000,52.37874950,1577610889506,False,True
63,110598342,128.15000000,0.00245000,0.31396750,1577610892974,False,True
64,110598343,128.15000000,0.55455000,71.06558250,1577610892974,False,True
65,110598344,128.15000000,34.81994000,4462.17531100,1577610893009,False,True
66,110598345,128.15000000,1.18006000,151.22468900,1577610893009,False,True
67,110598346,128.15000000,0.61990000,79.44018500,1577610893034,False,True
68,110598347,128.15000000,7.80310000,999.96726500,1577610893630,True,True
69,110598348,128.16000000,1.57900000,202.36464000,1577610894134,False,True
70,110598349,128.15000000,0.09397000,12.04225550,1577610895189,True,True
71,110598350,128.18000000,0.08682000,11.12858760,1577610901553,True,True
72,110598351,128.20000000,2.83576000,363.54443200,1577610905770,False,True
73,110598352,128.20000000,1.69811000,217.69770200,1577610906472,False,True
74,110598353,128.20000000,2.31149000,296.33301800,1577610906600,False,True
75,110598354,128.22000000,0.07800000,10.00116000,1577610906600,False,True
76,110598355,128.22000000,1.82954000,234.58361880,1577610906600,False,True
77,110598356,128.23000000,2.48610000,318.79260300,1577610906600,False,True
78,110598357,128.19000000,0.47537000,60.93768030,1577610906814,True,True
79,110598358,128.18000000,0.17930000,22.98267400,1577610907275,True,True
80,110598359,128.18000000,0.17930000,22.98267400,1577610907423,True,True
81,110598360,128.23000000,3.90750000,501.05872500,1577610909250,False,True
82,110598361,128.25000000,0.08732000,11.19879000,1577610909250,False,True
83,110598362,128.25000000,3.80038000,487.39873500,1577610909250,False,True
84,110598363,128.20000000,0.09090000,11.65338000,1577610909560,True,True
85,110598364,128.21000000,0.57700000,73.97717000,1577610909762,True,True
86,110598365,128.25000000,7.79520000,999.73440000,1577610909816,False,True
87,110598366,128.26000000,0.74180000,95.14326800,1577610910062,False,True
88,110598367,128.26000000,7.05340000,904.66908400,1577610910062,False,True
89,110598368,128.25000000,0.57700000,74.00025000,1577610915252,True,True
90,110598369,128.25000000,0.09211000,11.81310750,1577610915806,True,True
91,110598370,128.25000000,0.19778000,25.36528500,1577610917231,True,True
92,110598371,128.24000000,0.08100000,10.38744000,1577610921527,True,True
93,110598372,128.24000000,0.00087000,0.11156880,1577610924037,True,True
94,110598373,128.22000000,0.08742000,11.20899240,1577610924037,True,True
95,110598374,128.22000000,9.71500000,1245.65730000,1577610924143,True,True
96,110598375,128.24000000,0.86689000,111.16997360,1577610928083,True,True
97,110598376,128.24000000,0.91845000,117.78202800,1577610930418,True,True
98,110598377,128.22000000,0.09261000,11.87445420,1577610932241,True,True
99,110598378,128.25000000,0.18230000,23.37997500,1577610936203,False,True
100,110598379,128.25000000,0.38070000,48.82477500,1577610936203,False,True
101,110598380,128.24000000,0.08992000,11.53134080,1577610938478,True,True
102,110598381,128.25000000,1.00000000,128.25000000,1577610940109,False,True
103,110598382,128.26000000,3.90660000,501.06051600,1577610940109,False,True
104,110598383,128.26000000,2.88508000,370.04036080,1577610940109,False,True
105,110598384,128.25000000,0.09282000,11.90416500,1577610940708,True,True
106,110598385,128.26000000,3.98548000,511.17766480,1577610941738,True,True
107,110598386,128.26000000,0.00005000,0.00641300,1577610941851,True,True
108,110598387,128.25000000,0.08003000,10.26384750,1577610941851,True,True
109,110598388,128.26000000,1.07282000,137.59989320,1577610942265,False,True
110,110598389,128.26000000,0.09016000,11.56392160,1577610942952,True,True
111,110598390,128.26000000,7.82784000,1003.99875840,1577610943014,True,True
112,110598391,128.26000000,1.44467000,185.29337420,1577610943014,True,True
113,110598392,128.25000000,3.46822000,444.79921500,1577610947441,True,True
114,110598393,128.25000000,0.13453000,17.25347250,1577610947614,True,True
115,110598394,128.25000000,0.08624000,11.06028000,1577610949129,True,True
116,110598395,128.27000000,1.06140000,136.14577800,1577610952271,True,True
117,110598396,128.25000000,0.09291000,11.91570750,1577610957150,True,True
118,110598397,128.29000000,1.07265000,137.61026850,1577610957576,False,True
119,110598398,128.27000000,1.55800000,199.84466000,1577610960315,False,True
120,110598399,128.27000000,0.37800000,48.48606000,1577610960857,False,True
121,110598400,128.27000000,0.00031000,0.03976370,1577610961976,False,True
122,110598401,128.30000000,2.11228000,271.00552400,1577610961976,False,True
123,110598402,128.26000000,0.08689000,11.14451140,1577610963370,True,True
124,110598403,128.29000000,3.00000000,384.87000000,1577610965825,False,True
125,110598404,128.29000000,0.83456000,107.06570240,1577610966188,False,True
126,110598405,128.28000000,0.08848000,11.35021440,1577610971823,True,True
127,110598406,128.29000000,0.07796000,10.00148840,1577610976732,False,True
128,110598407,128.29000000,0.39204000,50.29481160,1577610976732,False,True
129,110598408,128.28000000,0.38000000,48.74640000,1577610977265,False,True
130,110598409,128.26000000,0.09141000,11.72424660,1577610978051,True,True
131,110598410,128.26000000,2.40897000,308.97449220,1577610978598,True,True
132,110598411,128.28000000,0.00009000,0.01154520,1577610981373,False,True
133,110598412,128.28000000,0.67791000,86.96229480,1577610981373,False,True
134,110598413,128.28000000,0.32200000,41.30616000,1577610981478,False,True
135,110598414,128.28000000,0.00009000,0.01154520,1577610983303,False,True
136,110598415,128.28000000,0.36291000,46.55409480,1577610983303,False,True
137,110598416,128.28000000,0.37900000,48.61812000,1577610983794,False,True
138,110598417,128.25000000,0.09027000,11.57712750,1577610986270,True,True
139,110598418,128.26000000,1.47300000,188.92698000,1577610986647,False,True
140,110598419,128.25000000,0.62427000,80.06262750,1577610990381,True,True
141,110598420,128.22000000,0.82058000,105.21476760,1577610990800,True,True
142,110598421,128.22000000,0.00030000,0.03846600,1577610992504,True,True
143,110598422,128.19000000,0.08896000,11.40378240,1577610992504,True,True
144,110598423,128.20000000,0.99979000,128.17307800,1577610997227,True,True
145,110598424,128.20000000,0.00021000,0.02692200,1577610997975,True,True
146,110598425,128.20000000,0.99984000,128.17948800,1577610997975,True,True
147,110598426,128.20000000,0.00016000,0.02051200,1577611000722,True,True
148,110598427,128.16000000,0.08616000,11.04226560,1577611000722,True,True
149,110598428,128.19000000,0.55263000,70.84163970,1577611005213,False,True
150,110598429,128.19000000,2.63600000,337.90884000,1577611005696,False,True
151,110598430,128.20000000,0.68500000,87.81700000,1577611006224,False,True
152,110598431,128.17000000,0.09111000,11.67756870,1577611006951,True,True
153,110598432,128.20000000,1.46400000,187.68480000,1577611008887,False,True
154,110598433,128.20000000,22.33700000,2863.60340000,1577611009944,False,True
155,110598434,128.20000000,0.38625000,49.51725000,1577611013139,False,True
156,110598435,128.16000000,0.09104000,11.66768640,1577611015278,True,True
157,110598436,128.17000000,0.30794000,39.46866980,1577611018033,False,True
158,110598437,128.17000000,15.56500000,1994.96605000,1577611018258,False,True
159,110598438,128.16000000,0.08018000,10.27586880,1577611018334,True,True
160,110598439,128.16000000,0.11949000,15.31383840,1577611018334,True,True
161,110598440,128.15000000,0.08726000,11.18236900,1577611021392,True,True
162,110598441,128.15000000,0.90012000,115.35037800,1577611024623,True,True
163,110598442,128.16000000,0.19980000,25.60636800,1577611025279,False,True
164,110598443,128.16000000,1.00000000,128.16000000,1577611029404,False,True
165,110598444,128.16000000,0.22200000,28.45152000,1577611029404,False,True
166,110598445,128.15000000,0.08965000,11.48864750,1577611029626,True,True
167,110598446,128.15000000,0.20223000,25.91577450,1577611032096,True,True
168,110598447,128.16000000,1.62361000,208.08185760,1577611035839,False,True
169,110598448,128.16000000,0.08923000,11.43571680,1577611035990,False,True
170,110598449,128.16000000,0.68900000,88.30224000,1577611036194,False,True
171,110598450,128.15000000,0.38010000,48.70981500,1577611037326,True,True
172,110598451,128.15000000,0.34064000,43.65301600,1577611039743,True,True
173,110598452,128.14000000,0.86060000,110.27728400,1577611039743,True,True
174,110598453,128.13000000,0.61208000,78.42581040,1577611039743,True,True
175,110598454,128.13000000,3.63017000,465.13368210,1577611039743,True,True
176,110598455,128.15000000,0.62100000,79.58115000,1577611040028,False,True
177,110598456,128.15000000,0.68500000,87.78275000,1577611040145,False,True
178,110598457,128.16000000,0.08708000,11.16017280,1577611042079,False,True
179,110598458,128.12000000,1.80555000,231.32706600,1577611048951,True,True
180,110598459,128.11000000,4.00000000,512.44000000,1577611048964,True,True
181,110598460,128.11000000,0.25026000,32.06080860,1577611049008,True,True
182,110598461,128.10000000,0.10193000,13.05723300,1577611049008,True,True
183,110598462,128.10000000,0.08789000,11.25870900,1577611049008,True,True
184,110598463,128.10000000,0.11731000,15.02741100,1577611049008,True,True
185,110598464,128.10000000,0.10850000,13.89885000,1577611049008,True,True
186,110598465,128.08000000,1.45727000,186.64714160,1577611049008,True,True
187,110598466,128.08000000,2.52937000,323.96170960,1577611049008,True,True
188,110598467,128.08000000,1.95073000,249.84949840,1577611049008,True,True
189,110598468,128.08000000,19.26114000,2466.96681120,1577611049008,True,True
190,110598469,128.08000000,0.25026000,32.05330080,1577611049025,True,True
191,110598470,128.06000000,0.06256000,8.01143360,1577611049025,True,True
192,110598471,128.07000000,0.09408000,12.04882560,1577611050297,False,True
193,110598472,128.07000000,0.68500000,87.72795000,1577611050299,False,True
194,110598473,128.07000000,0.22092000,28.29322440,1577611050413,False,True
195,110598474,128.07000000,0.46408000,59.43472560,1577611050413,False,True
196,110598475,128.07000000,0.68500000,87.72795000,1577611050507,False,True
197,110598476,128.07000000,0.86900000,111.29283000,1577611050615,False,True
198,110598477,128.06000000,0.72713000,93.11626780,1577611053902,True,True
199,110598478,128.05000000,7.79855000,998.60432750,1577611053975,False,True
200,110598479,128.04000000,0.10935000,14.00117400,1577611053975,True,True
201,110598480,128.05000000,0.01245000,1.59422250,1577611054008,False,True
202,110598481,128.05000000,7.70400000,986.49720000,1577611054131,False,True
203,110598482,128.05000000,2.03300000,260.32565000,1577611054131,False,True
204,110598483,128.05000000,7.59700000,972.79585000,1577611054131,False,True
205,110598484,128.06000000,0.08626000,11.04645560,1577611056695,False,True
206,110598485,128.04000000,0.03532000,4.52237280,1577611057757,True,True
207,110598486,128.04000000,7.51468000,962.17962720,1577611057757,True,True
208,110598487,128.06000000,3.98033000,509.72105980,1577611058464,False,True
209,110598488,128.06000000,54.97497000,7040.09465820,1577611060613,False,True
210,110598489,128.06000000,14.01322000,1794.53295320,1577611060623,False,True
211,110598490,128.08000000,5.55520000,711.51001600,1577611060681,False,True
212,110598491,128.08000000,0.81406000,104.26480480,1577611060681,False,True
213,110598492,128.09000000,9.24086000,1183.66175740,1577611060681,False,True
214,110598493,128.07000000,0.30000000,38.42100000,1577611061344,True,True
215,110598494,128.10000000,0.09194000,11.77751400,1577611062772,False,True
216,110598495,128.10000000,2.63308000,337.29754800,1577611063207,False,True
217,110598496,128.08000000,0.30000000,38.42400000,1577611064356,True,True
218,110598497,128.10000000,0.11678000,14.95951800,1577611065817,False,True
219,110598498,128.10000000,0.15820000,20.26542000,1577611065905,False,True
220,110598499,128.10000000,1.78328000,228.43816800,1577611065905,False,True
221,110598500,128.10000000,0.68500000,87.74850000,1577611066727,False,True
222,110598501,128.10000000,0.68500000,87.74850000,1577611066819,False,True
223,110598502,128.09000000,0.30000000,38.42700000,1577611067353,True,True
224,110598503,128.10000000,0.15588000,19.96822800,1577611069594,False,True
225,110598504,128.10000000,0.50748000,65.00818800,1577611069677,False,True
226,110598505,128.10000000,0.10884000,13.94240400,1577611069798,False,True
227,110598506,128.10000000,0.68500000,87.74850000,1577611069970,False,True
228,110598507,128.09000000,0.30000000,38.42700000,1577611070354,True,True
229,110598508,128.10000000,0.41600000,53.28960000,1577611070606,False,True
230,110598509,128.10000000,0.08652000,11.08321200,1577611071018,False,True
231,110598510,128.10000000,0.14820000,18.98442000,1577611073174,False,True
232,110598511,128.10000000,0.14820000,18.98442000,1577611073280,False,True
233,110598512,128.09000000,0.30000000,38.42700000,1577611073360,True,True
234,110598513,128.10000000,0.14820000,18.98442000,1577611073386,False,True
235,110598514,128.10000000,0.14820000,18.98442000,1577611073500,False,True
236,110598515,128.09000000,0.70000000,89.66300000,1577611074118,True,True
237,110598516,128.09000000,3.74869000,480.16970210,1577611074118,True,True
238,110598517,128.09000000,16.00000000,2049.44000000,1577611074118,True,True
239,110598518,128.09000000,9.95100000,1274.62359000,1577611074212,False,True
240,110598519,128.09000000,2.89029000,370.21724610,1577611074334,False,True
241,110598520,128.09000000,2.16529000,277.35199610,1577611074448,False,True
242,110598521,128.09000000,5.00000000,640.45000000,1577611074833,False,True
243,110598522,128.09000000,68.61900000,8789.40771000,1577611075139,False,True
244,110598523,128.09000000,0.69021000,88.40899890,1577611075152,False,True
245,110598524,128.10000000,1.21828000,156.06166800,1577611075480,False,True
246,110598525,128.13000000,2.45741000,314.86794330,1577611075523,False,True
247,110598526,128.13000000,2.54259000,325.78205670,1577611075523,False,True
248,110598527,128.10000000,0.30000000,38.43000000,1577611076362,True,True
249,110598528,128.15000000,0.08782000,11.25413300,1577611077205,False,True
250,110598529,128.12000000,0.30000000,38.43600000,1577611079361,True,True
251,110598530,128.12000000,1.13456000,145.35982720,1577611080045,True,True
252,110598531,128.13000000,0.17901000,22.93655130,1577611080061,False,True
253,110598532,128.12000000,0.30000000,38.43600000,1577611082370,True,True
254,110598533,128.12000000,0.30900000,39.58908000,1577611082787,True,True
255,110598534,128.13000000,0.09345000,11.97374850,1577611083646,False,True
256,110598535,128.12000000,0.30000000,38.43600000,1577611085370,True,True
257,110598536,128.12000000,0.19300000,24.72716000,1577611085492,True,True
258,110598537,128.12000000,0.00012000,0.01537440,1577611088385,True,True
259,110598538,128.10000000,0.29988000,38.41462800,1577611088385,True,True
260,110598539,128.11000000,1.53070000,196.09797700,1577611089786,False,True
261,110598540,128.11000000,0.08966000,11.48634260,1577611089881,False,True
262,110598541,128.10000000,0.07807000,10.00076700,1577611091306,True,True
263,110598542,128.10000000,0.30000000,38.43000000,1577611091395,True,True
264,110598543,128.11000000,0.30000000,38.43300000,1577611094405,True,True
265,110598544,128.12000000,14.52298000,1860.68419760,1577611094535,False,True
266,110598545,128.12000000,12.19103000,1561.91476360,1577611095644,False,True
267,110598546,128.11000000,1.73300000,222.01463000,1577611096823,True,True
268,110598547,128.11000000,23.00000000,2946.53000000,1577611096823,True,True
269,110598548,128.11000000,4.34702000,556.89673220,1577611096823,True,True
270,110598549,128.11000000,1.00000000,128.11000000,1577611096823,True,True
271,110598550,128.11000000,1.00000000,128.11000000,1577611096823,True,True
272,110598551,128.11000000,1.00000000,128.11000000,1577611096823,True,True
273,110598552,128.11000000,3.00000000,384.33000000,1577611096830,False,True
274,110598553,128.11000000,6.00000000,768.66000000,1577611096843,False,True
275,110598554,128.11000000,85.00000000,10889.35000000,1577611096846,False,True
276,110598555,128.11000000,0.87063000,111.53640930,1577611097007,False,True
277,110598556,128.10000000,0.14263000,18.27090300,1577611097416,True,True
278,110598557,128.10000000,0.15737000,20.15909700,1577611097416,True,True
279,110598558,128.11000000,0.38009000,48.69332990,1577611097648,False,True
280,110598559,128.12000000,8.74756000,1120.73738720,1577611097648,False,True
281,110598560,128.12000000,5.00000000,640.60000000,1577611097680,False,True
282,110598561,128.12000000,4.83687000,619.69978440,1577611097727,False,True
283,110598562,128.12000000,4.83687000,619.69978440,1577611097760,False,True
284,110598563,128.12000000,58.00000000,7430.96000000,1577611097995,False,True
285,110598564,128.12000000,0.08798000,11.27199760,1577611098105,False,True
286,110598565,128.12000000,0.78839000,101.00852680,1577611098152,False,True
287,110598566,128.12000000,1.16300000,149.00356000,1577611098292,True,True
288,110598567,128.13000000,1.96201000,251.39234130,1577611099572,True,True
289,110598568,128.14000000,0.30000000,38.44200000,1577611100427,True,True
290,110598569,128.16000000,2.00000000,256.32000000,1577611101263,False,True
291,110598570,128.15000000,0.30000000,38.44500000,1577611103444,True,True
292,110598571,128.17000000,6.10019000,781.86135230,1577611103539,False,True
293,110598572,128.18000000,0.09420000,12.07455600,1577611104323,False,True
294,110598573,128.15000000,2.04356000,261.88221400,1577611106309,True,True
295,110598574,128.15000000,0.30000000,38.44500000,1577611106500,True,True
296,110598575,128.16000000,0.20010000,25.64481600,1577611107909,False,True
297,110598576,128.15000000,0.30000000,38.44500000,1577611109499,True,True
298,110598577,128.16000000,0.08757000,11.22297120,1577611110550,False,True
299,110598578,128.15000000,2.16182000,277.03723300,1577611111785,True,True
300,110598579,128.12000000,0.18119000,23.21406280,1577611112508,True,True
301,110598580,128.11000000,0.11881000,15.22074910,1577611112508,True,True
302,110598581,128.11000000,0.20000000,25.62200000,1577611112887,True,True
303,110598582,128.14000000,2.04485000,262.02707900,1577611113275,False,True
304,110598583,128.12000000,0.30000000,38.43600000,1577611115521,True,True
305,110598584,128.14000000,0.09433000,12.08744620,1577611116773,False,True
306,110598585,128.12000000,1.00000000,128.12000000,1577611118234,False,True
307,110598586,128.12000000,0.61200000,78.40944000,1577611118238,False,True
308,110598587,128.12000000,0.30000000,38.43600000,1577611118521,True,True
309,110598588,128.13000000,0.54800000,70.21524000,1577611118589,False,True
310,110598589,128.13000000,1.49685000,191.79139050,1577611118876,False,True
311,110598590,128.13000000,0.30000000,38.43900000,1577611121529,True,True
312,110598591,128.15000000,1.00000000,128.15000000,1577611121640,False,True
313,110598592,128.15000000,0.09421000,12.07301150,1577611122990,False,True
314,110598593,128.12000000,0.25103000,32.16196360,1577611124529,True,True
315,110598594,128.12000000,0.04897000,6.27403640,1577611124529,True,True
316,110598595,128.12000000,0.30000000,38.43600000,1577611127538,True,True
317,110598596,128.15000000,0.08656000,11.09266400,1577611129455,False,True
318,110598597,128.13000000,0.30000000,38.43900000,1577611130546,True,True
319,110598598,128.12000000,0.30000000,38.43600000,1577611133548,True,True
320,110598599,128.12000000,0.30000000,38.43600000,1577611136558,True,True
321,110598600,128.15000000,0.08953000,11.47326950,1577611137441,False,True
322,110598601,128.13000000,0.30000000,38.43900000,1577611139557,True,True
323,110598602,128.13000000,0.30000000,38.43900000,1577611142562,True,True
324,110598603,128.15000000,23.16942000,2969.16117300,1577611142702,False,True
325,110598604,128.14000000,0.57700000,73.93678000,1577611143237,True,True
326,110598605,128.15000000,5.00000000,640.75000000,1577611143472,False,True
327,110598606,128.15000000,53.00000000,6791.95000000,1577611143500,False,True
328,110598607,128.15000000,0.48898000,62.66278700,1577611143586,False,True
329,110598608,128.19000000,0.08782000,11.25764580,1577611143667,False,True
330,110598609,128.19000000,1.94337000,249.12060030,1577611143682,False,True
331,110598610,128.20000000,13.65579000,1750.67227800,1577611143682,False,True
332,110598611,128.21000000,1.00150000,128.40231500,1577611144025,False,True
333,110598612,128.21000000,3.90842000,501.09852820,1577611144546,False,True
334,110598613,128.21000000,0.09158000,11.74147180,1577611144546,False,True
335,110598614,128.18000000,0.35503000,45.50774540,1577611144580,True,True
336,110598615,128.22000000,0.39706000,50.91103320,1577611144581,False,True
337,110598616,128.23000000,0.61885000,79.35513550,1577611144581,False,True
338,110598617,128.19000000,1.31250000,168.24937500,1577611144994,True,True
339,110598618,128.23000000,1.00051000,128.29539730,1577611145134,False,True
340,110598619,128.20000000,0.30000000,38.46000000,1577611145570,True,True
341,110598620,128.24000000,1.00233000,128.53879920,1577611145697,False,True
342,110598621,128.23000000,1.00239000,128.53646970,1577611146255,False,True
343,110598622,128.21000000,2.66620000,341.83350200,1577611146781,True,True
344,110598623,128.23000000,1.00137000,128.40567510,1577611146808,False,True
345,110598624,128.23000000,1.00023000,128.25949290,1577611147363,False,True
346,110598625,128.22000000,0.51952000,66.61285440,1577611147447,True,True
347,110598626,128.25000000,1.21265000,155.52236250,1577611148336,False,True
348,110598627,128.26000000,0.51982000,66.67211320,1577611148336,False,True
349,110598628,128.23000000,0.30000000,38.46900000,1577611148575,True,True
350,110598629,128.24000000,1.32620000,170.07188800,1577611149967,True,True
351,110598630,128.25000000,1.00000000,128.25000000,1577611150119,False,True
352,110598631,128.26000000,2.15805000,276.79149300,1577611150119,False,True
353,110598632,128.24000000,0.30000000,38.47200000,1577611151574,True,True
354,110598633,128.26000000,0.09223000,11.82941980,1577611151884,False,True
355,110598634,128.26000000,1.13693000,145.82264180,1577611152059,False,True
356,110598635,128.27000000,2.42270000,310.75972900,1577611152059,False,True
357,110598636,128.24000000,1.19307000,152.99929680,1577611152784,True,True
358,110598637,128.23000000,1.31249000,168.30059270,1577611153167,True,True
359,110598638,128.26000000,4.36515000,559.87413900,1577611154513,False,True
360,110598639,128.23000000,0.17696000,22.69158080,1577611154578,True,True
361,110598640,128.20000000,0.12304000,15.77372800,1577611154578,True,True
362,110598641,128.26000000,1.00076000,128.35747760,1577611155070,False,True
363,110598642,128.26000000,1.00225000,128.54858500,1577611155629,False,True
364,110598643,128.26000000,1.00130000,128.42673800,1577611156191,False,True
365,110598644,128.26000000,1.00009000,128.27154340,1577611156756,False,True
366,110598645,128.25000000,0.38008000,48.74526000,1577611157315,False,True
367,110598646,128.26000000,0.62252000,79.84441520,1577611157315,False,True
368,110598647,128.22000000,0.30000000,38.46600000,1577611157596,True,True
369,110598648,128.25000000,0.32239000,41.34651750,1577611157870,False,True
370,110598649,128.26000000,0.68418000,87.75292680,1577611157870,False,True
371,110598650,128.26000000,0.08693000,11.14964180,1577611158109,False,True
372,110598651,128.26000000,1.00072000,128.35234720,1577611158428,False,True
373,110598652,128.26000000,1.00180000,128.49086800,1577611159002,False,True
374,110598653,128.26000000,1.00257000,128.58962820,1577611159562,False,True
375,110598654,128.23000000,2.66620000,341.88682600,1577611159673,True,True
376,110598655,128.23000000,1.31249000,168.30059270,1577611159905,True,True
377,110598656,128.26000000,1.00160000,128.46521600,1577611160119,False,True
378,110598657,128.23000000,0.20126000,25.80756980,1577611160597,True,True
379,110598658,128.22000000,0.09874000,12.66044280,1577611160597,True,True
380,110598659,128.26000000,0.22219000,28.49808940,1577611160686,False,True
381,110598660,128.27000000,0.78076000,100.14808520,1577611160686,False,True
382,110598661,128.27000000,1.00184000,128.50601680,1577611161237,False,True
383,110598662,128.27000000,1.00275000,128.62274250,1577611161793,False,True
384,110598663,128.26000000,0.30000000,38.47800000,1577611163602,True,True
385,110598664,128.28000000,2.20890000,283.35769200,1577611163616,False,True
386,110598665,128.29000000,1.03792000,133.15475680,1577611163616,False,True
387,110598666,128.26000000,1.56738000,201.03215880,1577611163741,True,True
388,110598667,128.28000000,0.79899000,102.49443720,1577611163747,False,True
389,110598668,128.29000000,0.08947000,11.47810630,1577611164333,False,True
390,110598669,128.28000000,0.99605000,127.77329400,1577611168952,True,True
391,110598670,128.28000000,0.13120000,16.83033600,1577611169079,True,True
392,110598671,128.29000000,0.08605000,11.03935450,1577611170794,False,True
393,110598672,128.28000000,5.00000000,641.40000000,1577611171003,False,True
394,110598673,128.28000000,1.00206000,128.54425680,1577611171558,False,True
395,110598674,128.29000000,1.00044000,128.34644760,1577611172128,False,True
396,110598675,128.28000000,2.36600000,303.51048000,1577611174456,True,True
397,110598676,128.29000000,1.69232000,217.10773280,1577611175915,False,True
398,110598677,128.31000000,3.30768000,424.40842080,1577611175915,False,True
399,110598678,128.33000000,0.09031000,11.58948230,1577611177122,False,True
400,110598679,128.30000000,3.90582000,501.11670600,1577611179501,False,True
401,110598680,128.31000000,1.09418000,140.39423580,1577611179501,False,True
402,110598681,128.29000000,0.24300000,31.17447000,1577611180799,True,True
403,110598682,128.29000000,2.12227000,272.26601830,1577611181940,True,True
404,110598683,128.31000000,0.08879000,11.39264490,1577611183219,False,True
405,110598684,128.30000000,5.00000000,641.50000000,1577611183504,False,True
406,110598685,128.30000000,1.10218000,141.40969400,1577611184125,False,True
407,110598686,128.30000000,0.60553000,77.68949900,1577611186719,True,True
408,110598687,128.30000000,1.51714000,194.64906200,1577611186781,True,True
409,110598688,128.32000000,0.08868000,11.37941760,1577611191449,False,True
410,110598689,128.31000000,5.00000000,641.55000000,1577611193023,False,True
411,110598690,128.30000000,1.00168000,128.51554400,1577611193574,False,True
412,110598691,128.31000000,1.00224000,128.59741440,1577611194142,False,True
413,110598692,128.31000000,0.84338000,108.21408780,1577611194261,False,True
414,110598693,128.31000000,1.00174000,128.53325940,1577611194701,False,True
415,110598694,128.31000000,3.89681000,499.99969110,1577611195235,True,True
416,110598695,128.31000000,5.00000000,641.55000000,1577611197658,False,True
417,110598696,128.28000000,0.13731000,17.61412680,1577611197867,True,True
418,110598697,128.26000000,0.14269000,18.30141940,1577611197867,True,True
419,110598698,128.31000000,0.08604000,11.03979240,1577611197903,False,True
420,110598699,128.31000000,1.00224000,128.59741440,1577611198226,False,True
421,110598700,128.28000000,0.11740000,15.06007200,1577611198402,True,True
422,110598701,128.31000000,1.00028000,128.34592680,1577611198782,False,True
423,110598702,128.31000000,1.00241000,128.61922710,1577611199347,False,True
424,110598703,128.32000000,1.25742000,161.35213440,1577611200053,False,True
425,110598704,128.33000000,2.14338000,275.05995540,1577611203818,False,True
426,110598705,128.33000000,0.09357000,12.00783810,1577611204284,False,True
427,110598706,128.32000000,0.23000000,29.51360000,1577611207850,True,True
428,110598707,128.33000000,0.13898000,17.83530340,1577611210921,True,True
429,110598708,128.33000000,5.86202000,752.27302660,1577611210996,True,True
430,110598709,128.32000000,2.03300000,260.87456000,1577611210996,True,True
431,110598710,128.32000000,0.10498000,13.47103360,1577611210996,True,True
432,110598711,128.35000000,0.08643000,11.09329050,1577611212565,False,True
433,110598712,128.34000000,0.08794000,11.28621960,1577611212714,True,True
434,110598713,128.34000000,0.07792000,10.00025280,1577611213246,True,True
435,110598714,128.34000000,0.12745000,16.35693300,1577611217338,True,True
436,110598715,128.33000000,0.85000000,109.08050000,1577611218091,True,True
437,110598716,128.34000000,0.08982000,11.52749880,1577611218566,False,True
438,110598717,128.34000000,0.08567000,10.99488780,1577611226794,False,True
439,110598718,128.34000000,0.07716000,9.90271440,1577611233240,False,True
440,110598719,128.35000000,0.00966000,1.23986100,1577611233240,False,True
441,110598720,128.35000000,0.51191000,65.70364850,1577611234051,False,True
442,110598721,128.35000000,0.21643000,27.77879050,1577611234057,False,True
443,110598722,128.34000000,0.09067000,11.63658780,1577611237131,False,True
444,110598723,128.32000000,0.09142000,11.73101440,1577611237815,True,True
445,110598724,128.32000000,0.10738000,13.77900160,1577611237984,True,True
446,110598725,128.34000000,0.09197000,11.80342980,1577611239468,False,True
447,110598726,128.33000000,0.18313000,23.50107290,1577611244747,False,True
448,110598727,128.33000000,0.09037000,11.59718210,1577611245692,False,True
449,110598728,128.32000000,0.23600000,30.28352000,1577611246164,True,True
450,110598729,128.32000000,0.00074000,0.09495680,1577611246451,True,True
451,110598730,128.31000000,0.36100000,46.31991000,1577611246709,True,True
452,110598731,128.31000000,0.67000000,85.96770000,1577611247034,True,True
453,110598732,128.31000000,5.77623000,741.14807130,1577611247745,True,True
454,110598733,128.30000000,0.27356000,35.09774800,1577611250887,False,True
455,110598734,128.30000000,0.08593000,11.02481900,1577611251917,False,True
456,110598735,128.27000000,0.20000000,25.65400000,1577611252973,True,True
457,110598736,128.27000000,0.20079000,25.75533330,1577611256821,True,True
458,110598737,128.24000000,0.09921000,12.72269040,1577611256821,True,True
459,110598738,128.29000000,0.35952000,46.12282080,1577611257043,False,True
460,110598739,128.29000000,0.08635000,11.07784150,1577611258774,False,True
461,110598740,128.23000000,0.30000000,38.46900000,1577611259826,True,True
462,110598741,128.26000000,0.44590000,57.19113400,1577611260772,True,True
463,110598742,128.27000000,0.44594000,57.20072380,1577611264325,False,True
464,110598743,128.27000000,0.09046000,11.60330420,1577611264838,False,True
465,110598744,128.25000000,0.19962000,25.60126500,1577611266231,True,True
466,110598745,128.26000000,0.28700000,36.81062000,1577611267588,False,True
467,110598746,128.25000000,0.82344000,105.60618000,1577611268425,True,True
468,110598747,128.26000000,0.82344000,105.61441440,1577611268428,False,True
469,110598748,128.23000000,0.19963000,25.59855490,1577611269226,True,True
470,110598749,128.25000000,0.09157000,11.74385250,1577611271295,False,True
471,110598750,128.23000000,0.19961000,25.59599030,1577611271492,True,True
472,110598751,128.23000000,0.15595000,19.99746850,1577611273610,True,True
473,110598752,128.23000000,0.32081000,41.13746630,1577611273678,True,True
474,110598753,128.20000000,0.17212000,22.06578400,1577611276421,True,True
475,110598754,128.19000000,1.00000000,128.19000000,1577611276538,True,True
476,110598755,128.20000000,0.09398000,12.04823600,1577611277493,False,True
477,110598756,128.19000000,0.39417000,50.52865230,1577611277995,True,True
478,110598757,128.19000000,0.35353000,45.31901070,1577611278985,True,True
479,110598758,128.18000000,0.82395000,105.61391100,1577611282313,False,True
480,110598759,128.16000000,0.68500000,87.78960000,1577611282827,False,True
481,110598760,128.16000000,0.09335000,11.96373600,1577611283887,False,True
482,110598761,128.15000000,0.82415000,105.61482250,1577611288667,False,True
483,110598762,128.14000000,0.10000000,12.81400000,1577611291900,False,True
484,110598763,128.14000000,1.28584000,164.76753760,1577611291936,False,True
485,110598764,128.18000000,0.09263000,11.87331340,1577611291979,False,True
486,110598765,128.16000000,2.20919000,283.12979040,1577611292457,False,True
487,110598766,128.15000000,0.10000000,12.81500000,1577611292747,False,True
488,110598767,128.19000000,0.14573000,18.68112870,1577611292940,False,True
489,110598768,128.19000000,0.15141000,19.40924790,1577611293030,False,True
490,110598769,128.16000000,0.35900000,46.00944000,1577611296110,True,True
491,110598770,128.17000000,2.20902000,283.13009340,1577611299058,True,True
492,110598771,128.20000000,0.09039000,11.58799800,1577611300168,False,True
493,110598772,128.16000000,2.20902000,283.10800320,1577611304380,True,True
494,110598773,128.20000000,0.09394000,12.04310800,1577611306401,False,True
495,110598774,128.20000000,0.08651000,11.09058200,1577611314614,False,True
496,110598775,128.19000000,1.97803000,253.56366570,1577611320284,True,True
497,110598776,128.20000000,0.09022000,11.56620400,1577611320846,False,True
498,110598777,128.20000000,0.01902000,2.43836400,1577611322732,False,True
499,110598778,128.20000000,0.60900000,78.07380000,1577611322860,True,True
